{"gold_per_floor":[117,130,80,93,93,122,122,155,230,250,106,106,117,136,136,237,237,257,13,25,45,45],"floor_reached":22,"playtime":1120,"items_purged":["Defend_B","Strike_B"],"score":317,"play_id":"2a399aad-b4ef-47e7-84f9-463e86f93dff","local_time":"20230916235018","is_ascension_mode":true,"campfire_choices":[{"data":"Hello World","floor":7,"key":"SMITH"},{"floor":12,"key":"REST"},{"data":"Chaos","floor":15,"key":"SMITH"}],"neow_cost":"NONE","seed_source_timestamp":22131563885200,"circlet_count":0,"master_deck":["AscendersBane","Strike_B+1","Strike_B+1","Defend_B","Defend_B","Defend_B","Zap","Dualcast","Genetic Algorithm","Melter","Ball Lightning","Hello World+1","Doom and Gloom","Loop","Self Repair","Chaos+1","Core Surge","Biased Cognition"],"relics":["Cracked Core","Whetstone","Bottled Lightning","White Beast Statue","WingedGreaves","Darkstone Periapt","SacredBark","ClockworkSouvenir"],"potions_floor_usage":[6,13,14,14,16,18,20,21,22],"damage_taken":[{"damage":0,"enemies":"2 Louse","floor":1,"turns":2},{"damage":2,"enemies":"Jaw Worm","floor":2,"turns":4},{"damage":1,"enemies":"Cultist","floor":4,"turns":4},{"damage":15,"enemies":"3 Sentries","floor":6,"turns":5},{"damage":30,"enemies":"Lagavulin","floor":8,"turns":5},{"damage":1,"enemies":"Looter","floor":10,"turns":4},{"damage":9,"enemies":"2 Fungi Beasts","floor":13,"turns":3},{"damage":13,"enemies":"Lots of Slimes","floor":14,"turns":4},{"damage":30,"enemies":"The Guardian","floor":16,"turns":11},{"damage":3,"enemies":"Chosen","floor":18,"turns":5},{"damage":20,"enemies":"2 Thieves","floor":20,"turns":5},{"damage":28,"enemies":"Snake Plant","floor":21,"turns":4},{"damage":36,"enemies":"Shelled Parasite and Fungi","floor":22,"turns":3}],"seed_played":"-1340419908959879160","potions_obtained":[{"floor":1,"key":"SteroidPotion"},{"floor":8,"key":"SteroidPotion"},{"floor":10,"key":"Energy Potion"},{"floor":13,"key":"Dexterity Potion"},{"floor":14,"key":"Regen Potion"},{"floor":16,"key":"BlessingOfTheForge"},{"floor":18,"key":"Block Potion"},{"floor":20,"key":"SkillPotion"},{"floor":21,"key":"SteroidPotion"}],"is_trial":false,"path_per_floor":["M","M","?","M","T","E","R","E","T","M","$","R","M","M","R","B",null,"M","$","M","M","M"],"character_chosen":"DEFECT","items_purchased":["Self Repair","ClockworkSouvenir"],"campfire_rested":1,"item_purchase_floors":[11,19],"current_hp_per_floor":[68,66,66,65,65,50,50,20,20,19,19,41,39,26,26,18,61,65,65,52,31,0],"gold":45,"neow_bonus":"RANDOM_COMMON_RELIC","is_prod":false,"is_daily":false,"chose_seed":false,"campfire_upgraded":2,"win_rate":0,"timestamp":1694897418,"path_taken":["M","M","?","M","?","E","R","E","T","M","?","R","M","?","R","BOSS","M","?","M","M","M"],"build_version":"2022-12-18","purchased_purges":2,"victory":false,"max_hp_per_floor":[75,75,75,75,75,75,75,75,75,75,75,75,75,75,75,75,75,75,75,75,75,75],"card_choices":[{"not_picked":["Loop","Cold Snap"],"picked":"Genetic Algorithm","floor":1},{"not_picked":["Ball Lightning","Barrage"],"picked":"Melter","floor":2},{"not_picked":["Redo","Beam Cell"],"picked":"Ball Lightning","floor":4},{"not_picked":["Gash","Amplify"],"picked":"Hello World","floor":6},{"not_picked":["Leap","Turbo"],"picked":"Doom and Gloom","floor":8},{"not_picked":["Tempest","Aggregate"],"picked":"Loop","floor":10},{"not_picked":["Barrage","Storm","Rip and Tear"],"picked":"SKIP","floor":13},{"not_picked":["Coolheaded","Aggregate"],"picked":"Chaos","floor":14},{"not_picked":["Thunder Strike","Reboot"],"picked":"Core Surge","floor":16},{"not_picked":["Sweeping Beam","Coolheaded","Redo"],"picked":"SKIP","floor":18},{"not_picked":["Rebound","Streamline"],"picked":"Biased Cognition","floor":20},{"not_picked":["Melter","Gash","Sunder"],"picked":"SKIP","floor":21}],"player_experience":403772,"relics_obtained":[{"floor":5,"key":"Bottled Lightning"},{"floor":6,"key":"White Beast Statue"},{"floor":8,"key":"WingedGreaves"},{"floor":9,"key":"Darkstone Periapt"}],"event_choices":[{"cards_removed":["Strike_B"],"damage_healed":0,"gold_gain":0,"player_choice":"Card Removal","damage_taken":0,"max_hp_gain":0,"max_hp_loss":0,"event_name":"The Cleric","floor":3,"gold_loss":50}],"is_beta":false,"boss_relics":[{"not_picked":["Calling Bell","Snecko Eye"],"picked":"SacredBark"}],"items_purged_floors":[11,19],"is_endless":false,"potions_floor_spawned":[1,8,10,13,14,16,18,20,21],"killed_by":"Shelled Parasite and Fungi","ascension_level":12}