{"gold_per_floor":[115,290,240,240,254,287,287,134,158,171,171,126,201,215,215,312,312,328,253,264,264,264],"floor_reached":22,"playtime":1126,"items_purged":["Doubt"],"score":331,"play_id":"8f5db2f1-7ac1-47d5-a287-dcf7061e4fe8","local_time":"20230917234954","is_ascension_mode":true,"campfire_choices":[{"data":"Glacier","floor":7,"key":"SMITH"},{"data":"Conserve Battery","floor":11,"key":"SMITH"},{"floor":15,"key":"REST"}],"neow_cost":"NONE","seed_source_timestamp":108501548344700,"circlet_count":0,"master_deck":["AscendersBane","Strike_B","Strike_B","Strike_B","Defend_B","Defend_B","Defend_B","Zap","Dualcast","Redo","Glacier+1","Reboot","Conserve Battery+1","Auto Shields","Core Surge"],"relics":["FrozenCore","NeowsBlessing","Bag of Marbles","Emotion Chip","Orrery","Tiny Chest"],"potions_floor_usage":[16,18,18,20,22],"damage_taken":[{"damage":0,"enemies":"2 Louse","floor":1,"turns":1},{"damage":0,"enemies":"Jaw Worm","floor":5,"turns":1},{"damage":0,"enemies":"Lagavulin","floor":6,"turns":1},{"damage":0,"enemies":"Small Slimes","floor":10,"turns":3},{"damage":0,"enemies":"Looter","floor":12,"turns":5},{"damage":14,"enemies":"Exordium Wildlife","floor":14,"turns":5},{"damage":22,"enemies":"The Guardian","floor":16,"turns":17},{"damage":25,"enemies":"3 Byrds","floor":18,"turns":10},{"damage":12,"enemies":"Shell Parasite","floor":20,"turns":22},{"damage":40,"enemies":"Centurion and Healer","floor":22,"turns":8}],"seed_played":"-720989909467795927","potions_obtained":[{"floor":1,"key":"Strength Potion"},{"floor":6,"key":"PowerPotion"},{"floor":14,"key":"Explosive Potion"},{"floor":16,"key":"Block Potion"},{"floor":18,"key":"Strength Potion"},{"floor":20,"key":"Swift Potion"}],"is_trial":false,"path_per_floor":["M","?","?","?","M","E","R","$","T","M","R","M","?","M","R","B",null,"M","$","M","?","M"],"character_chosen":"DEFECT","items_purchased":["Orrery"],"campfire_rested":1,"item_purchase_floors":[8],"current_hp_per_floor":[68,68,68,56,56,56,56,56,56,56,56,56,45,31,53,31,64,39,39,27,27,0],"gold":264,"neow_bonus":"THREE_ENEMY_KILL","is_prod":false,"is_daily":false,"chose_seed":false,"campfire_upgraded":2,"win_rate":0,"timestamp":1694983794,"path_taken":["M","?","?","?","M","E","R","$","T","M","R","M","?","?","R","BOSS","M","$","M","?","M"],"build_version":"2022-12-18","purchased_purges":1,"victory":false,"max_hp_per_floor":[75,75,75,75,75,75,75,75,75,75,75,75,75,75,75,75,75,75,75,75,75,75],"card_choices":[{"not_picked":["Steam","White Noise"],"picked":"Redo","floor":1},{"not_picked":["Ball Lightning","Barrage","Reprogram"],"picked":"SKIP","floor":5},{"not_picked":["Barrage","Scrape"],"picked":"Glacier","floor":6},{"not_picked":["Storm","Conserve Battery"],"picked":"Reboot","floor":8},{"not_picked":["Coolheaded","Compile Driver"],"picked":"Conserve Battery","floor":8},{"not_picked":["Force Field","Steam Power"],"picked":"Auto Shields","floor":10},{"not_picked":["Barrage","Gash","Sweeping Beam"],"picked":"SKIP","floor":12},{"not_picked":["Turbo","Conserve Battery","Go for the Eyes"],"picked":"SKIP","floor":14},{"not_picked":["Amplify","Hyperbeam"],"picked":"Core Surge","floor":16},{"not_picked":["Barrage","Turbo","Hologram"],"picked":"SKIP","floor":18},{"not_picked":["Streamline","Sweeping Beam","Steam"],"picked":"SKIP","floor":20}],"player_experience":406730,"relics_obtained":[{"floor":6,"key":"Emotion Chip"},{"floor":9,"key":"Tiny Chest"}],"event_choices":[{"damage_healed":0,"gold_gain":175,"player_choice":"AGREE","damage_taken":0,"max_hp_gain":0,"max_hp_loss":0,"event_name":"Liars Game","floor":2,"gold_loss":0,"cards_obtained":["Doubt"]},{"cards_removed":["Strike_B"],"damage_healed":0,"gold_gain":0,"player_choice":"Card Removal","damage_taken":0,"max_hp_gain":0,"max_hp_loss":0,"event_name":"The Cleric","floor":3,"gold_loss":50},{"damage_healed":0,"gold_gain":0,"player_choice":"Success","damage_taken":12,"relics_obtained":["Bag of Marbles"],"max_hp_gain":0,"max_hp_loss":0,"event_name":"Scrap Ooze","floor":4,"gold_loss":0},{"damage_healed":0,"gold_gain":75,"player_choice":"Gather Gold","damage_taken":11,"max_hp_gain":0,"max_hp_loss":0,"event_name":"World of Goop","floor":13,"gold_loss":0},{"cards_removed":["Defend_B"],"damage_healed":0,"gold_gain":0,"player_choice":"Purged","damage_taken":0,"max_hp_gain":0,"max_hp_loss":0,"event_name":"Purifier","floor":21,"gold_loss":0}],"is_beta":false,"boss_relics":[{"not_picked":["Tiny House","Runic Dome"],"picked":"FrozenCore"}],"items_purged_floors":[19],"is_endless":false,"potions_floor_spawned":[1,6,14,16,18,20],"killed_by":"Centurion and Healer","ascension_level":12}