{"gold_per_floor":[114,126,126,144,157,157,184,184,207,219,137,154,154,183,183,280,280,297,317,317,331,1,1],"floor_reached":23,"playtime":909,"items_purged":["Defend_B"],"score":347,"play_id":"b44c098f-af96-452f-99c0-94640793a4d5","local_time":"20230917000539","is_ascension_mode":true,"campfire_choices":[{"data":"Dualcast","floor":6,"key":"SMITH"},{"data":"Zap","floor":8,"key":"SMITH"},{"floor":13,"key":"REST"},{"floor":15,"key":"REST"}],"neow_cost":"NONE","seed_source_timestamp":23263562366300,"circlet_count":0,"master_deck":["AscendersBane","Defend_B","Defend_B","Defend_B","Zap+1","Dualcast+1","Leap","Chaos+1","Discovery","Rainbow","Conserve Battery","Bite","Bite","Bite","Bite","Bite"],"relics":["Cracked Core","Bag of Marbles","Whetstone","MawBank","Bottled Lightning","Oddly Smooth Stone","Inserter","Gremlin Horn"],"potions_floor_usage":[7,7,18,21,23],"damage_taken":[{"damage":12,"enemies":"Jaw Worm","floor":1,"turns":3},{"damage":2,"enemies":"Small Slimes","floor":2,"turns":3},{"damage":0,"enemies":"Cultist","floor":4,"turns":3},{"damage":1,"enemies":"2 Fungi Beasts","floor":5,"turns":4},{"damage":24,"enemies":"Gremlin Nob","floor":7,"turns":4},{"damage":0,"enemies":"Looter","floor":12,"turns":3},{"damage":5,"enemies":"3 Sentries","floor":14,"turns":5},{"damage":20,"enemies":"Slime Boss","floor":16,"turns":8},{"damage":4,"enemies":"Shell Parasite","floor":18,"turns":8},{"damage":30,"enemies":"2 Thieves","floor":19,"turns":5},{"damage":44,"enemies":"3 Cultists","floor":21,"turns":6},{"damage":15,"enemies":"Book of Stabbing","floor":23,"turns":3}],"seed_played":"-4357402476473553117","potions_obtained":[{"floor":4,"key":"EssenceOfDarkness"},{"floor":5,"key":"FocusPotion"},{"floor":16,"key":"SkillPotion"},{"floor":19,"key":"FocusPotion"},{"floor":21,"key":"Weak Potion"}],"is_trial":false,"path_per_floor":["M","M","?","M","M","R","E","R","T","T","$","M","R","E","R","B",null,"M","M","?","M","$","E"],"character_chosen":"DEFECT","items_purchased":["Discovery","Gremlin Horn"],"campfire_rested":2,"item_purchase_floors":[11,22],"current_hp_per_floor":[56,54,54,54,53,53,29,29,29,29,29,29,51,46,68,48,68,64,34,34,4,4,0],"gold":1,"neow_bonus":"RANDOM_COMMON_RELIC","is_prod":false,"is_daily":false,"chose_seed":false,"campfire_upgraded":2,"win_rate":0,"timestamp":1694898339,"path_taken":["M","M","?","M","M","R","E","R","T","?","?","M","R","E","R","BOSS","M","M","?","M","$","E"],"build_version":"2022-12-18","purchased_purges":1,"victory":false,"max_hp_per_floor":[75,75,75,75,75,75,75,75,75,75,75,75,75,75,75,75,75,75,75,52,52,52,52],"card_choices":[{"not_picked":["Stack","Melter"],"picked":"Leap","floor":1},{"not_picked":["Cold Snap","Stack"],"picked":"Chaos","floor":2},{"not_picked":["Barrage","Loop","Go for the Eyes"],"picked":"SKIP","floor":4},{"not_picked":["Heatsinks","Hologram","Redo"],"picked":"SKIP","floor":5},{"not_picked":["Fusion","Undo","Leap"],"picked":"SKIP","floor":7},{"not_picked":["Fusion","Chaos","Chill"],"picked":"SKIP","floor":12},{"not_picked":["Static Discharge","Coolheaded","Barrage"],"picked":"SKIP","floor":14},{"not_picked":["Machine Learning","All For One"],"picked":"Rainbow","floor":16},{"not_picked":["Redo","Chaos","Hologram+1"],"picked":"SKIP","floor":18},{"not_picked":["Rip and Tear","Melter"],"picked":"Conserve Battery","floor":19},{"not_picked":["Rebound","Turbo","Compile Driver"],"picked":"SKIP","floor":21}],"player_experience":404892,"relics_obtained":[{"floor":7,"key":"Whetstone"},{"floor":9,"key":"MawBank"},{"floor":10,"key":"Bottled Lightning"},{"floor":14,"key":"Oddly Smooth Stone"}],"event_choices":[{"damage_healed":0,"gold_gain":0,"player_choice":"Grow","damage_taken":0,"max_hp_gain":0,"max_hp_loss":0,"event_name":"Living Wall","floor":3,"gold_loss":0,"cards_upgraded":["Chaos"]},{"damage_healed":0,"gold_gain":0,"player_choice":"Became a vampire","damage_taken":0,"max_hp_gain":0,"max_hp_loss":23,"event_name":"Vampires","floor":20,"gold_loss":0,"cards_obtained":["Bite","Bite","Bite","Bite","Bite"]}],"is_beta":false,"boss_relics":[{"not_picked":["Runic Pyramid","Ectoplasm"],"picked":"Inserter"}],"items_purged_floors":[22],"is_endless":false,"potions_floor_spawned":[4,5,16,19,21],"killed_by":"Book of Stabbing","ascension_level":12}