{"gold_per_floor":[118,49,67,87,103,103,103,103,103,103,128,142,142,159,159,233,233,245,86,1,1,1,20,33,33],"floor_reached":25,"playtime":1049,"items_purged":[],"score":335,"play_id":"50a07d1e-dec0-4cb4-89f8-4203799836ed","local_time":"20230922200452","is_ascension_mode":true,"campfire_choices":[{"data":"Hello World","floor":6,"key":"SMITH"},{"floor":8,"key":"REST"},{"floor":13,"key":"REST"},{"floor":15,"key":"REST"}],"neow_cost":"NONE","seed_source_timestamp":87208538490600,"circlet_count":0,"master_deck":["AscendersBane","Strike_B","Strike_B","Strike_B","Strike_B","Defend_B+1","Defend_B","Defend_B","Defend_B+1","Zap","Dualcast","Genetic Algorithm+1","Hello World+1","Redo","Buffer","Capacitor","Sweeping Beam","Echo Form","Thunder Strike","Ball Lightning+1","Core Surge","Static Discharge"],"relics":["Cracked Core","Art of War","Dream Catcher","Eternal Feather","Inserter","Bronze Scales"],"potions_floor_usage":[5,11,16,24],"damage_taken":[{"damage":8,"enemies":"Small Slimes","floor":1,"turns":4},{"damage":8,"enemies":"Jaw Worm","floor":3,"turns":3},{"damage":1,"enemies":"Cultist","floor":4,"turns":3},{"damage":11,"enemies":"Blue Slaver","floor":5,"turns":3},{"damage":23,"enemies":"Lagavulin","floor":11,"turns":7},{"damage":10,"enemies":"3 Louse","floor":12,"turns":4},{"damage":2,"enemies":"Red Slaver","floor":14,"turns":3},{"damage":34,"enemies":"The Guardian","floor":16,"turns":11},{"damage":26,"enemies":"Shell Parasite","floor":18,"turns":6},{"damage":11,"enemies":"Spheric Guardian","floor":23,"turns":4},{"damage":10,"enemies":"Snecko","floor":24,"turns":6},{"damage":24,"enemies":"Gremlin Leader","floor":25,"turns":7}],"seed_played":"8514790868274358721","potions_obtained":[{"floor":1,"key":"FearPotion"},{"floor":4,"key":"PotionOfCapacity"},{"floor":5,"key":"Weak Potion"},{"floor":11,"key":"FocusPotion"},{"floor":18,"key":"SteroidPotion"}],"is_trial":false,"path_per_floor":["M","$","M","M","M","R","?","R","T","?","E","M","R","M","R","B",null,"M","$","?","?","$","M","M","E"],"character_chosen":"DEFECT","items_purchased":["Genetic Algorithm","Core Surge"],"campfire_rested":3,"item_purchase_floors":[2,19],"current_hp_per_floor":[60,60,52,51,40,40,25,47,47,47,24,14,45,43,74,40,66,40,40,40,40,40,29,19,0],"gold":33,"neow_bonus":"RANDOM_COMMON_RELIC","is_prod":false,"is_daily":false,"chose_seed":false,"campfire_upgraded":1,"win_rate":0,"timestamp":1695402292,"path_taken":["M","$","M","M","M","R","?","R","T","?","E","M","R","M","R","BOSS","M","?","?","?","$","?","M","E"],"build_version":"2022-12-18","purchased_purges":0,"victory":false,"max_hp_per_floor":[75,75,75,75,75,75,75,75,75,75,75,75,75,75,75,75,75,75,75,75,75,75,75,75,75],"card_choices":[{"not_picked":["Heatsinks","Compile Driver","Double Energy"],"picked":"SKIP","floor":1},{"not_picked":["Rip and Tear","Leap"],"picked":"Hello World","floor":3},{"not_picked":["Tempest","Lockon"],"picked":"Redo","floor":4},{"not_picked":["Loop","Undo","Blizzard"],"picked":"SKIP","floor":5},{"not_picked":["Genetic Algorithm","Reinforced Body"],"picked":"Buffer","floor":11},{"not_picked":["Steam","Hologram"],"picked":"Capacitor","floor":12},{"not_picked":["Redo","Stack"],"picked":"Sweeping Beam","floor":13},{"not_picked":["Coolheaded","Stack","Hologram"],"picked":"SKIP","floor":14},{"not_picked":["Darkness","Redo"],"picked":"Echo Form","floor":15},{"not_picked":["Biased Cognition","Machine Learning"],"picked":"Thunder Strike","floor":16},{"not_picked":["Stack","Redo"],"picked":"Ball Lightning","floor":18},{"not_picked":["Sweeping Beam","Leap"],"picked":"Static Discharge","floor":23},{"not_picked":["Go for the Eyes","Seek","Turbo"],"picked":"SKIP","floor":24}],"player_experience":422814,"relics_obtained":[{"floor":9,"key":"Dream Catcher"},{"floor":11,"key":"Eternal Feather"}],"event_choices":[{"damage_healed":0,"gold_gain":0,"player_choice":"Entered Light","damage_taken":15,"max_hp_gain":0,"max_hp_loss":0,"event_name":"Shining Light","floor":7,"gold_loss":0,"cards_upgraded":["Defend_B","Defend_B"]},{"damage_healed":0,"gold_gain":0,"player_choice":"Upgraded","damage_taken":0,"max_hp_gain":0,"max_hp_loss":0,"event_name":"Upgrade Shrine","floor":10,"gold_loss":0,"cards_upgraded":["Genetic Algorithm"]},{"damage_healed":0,"gold_gain":0,"player_choice":"Obtained Relic","damage_taken":0,"relics_obtained":["Bronze Scales"],"max_hp_gain":0,"max_hp_loss":0,"event_name":"Addict","floor":20,"gold_loss":85},{"damage_healed":0,"gold_gain":0,"player_choice":"Upgraded","damage_taken":0,"max_hp_gain":0,"max_hp_loss":0,"event_name":"Upgrade Shrine","floor":21,"gold_loss":0,"cards_upgraded":["Ball Lightning"]}],"is_beta":false,"boss_relics":[{"not_picked":["Ectoplasm","Sozu"],"picked":"Inserter"}],"items_purged_floors":[],"is_endless":false,"potions_floor_spawned":[1,4,5,11,18],"killed_by":"Gremlin Leader","ascension_level":13}