{"gold_per_floor":[109,119,119,129,129,129,161,161,161,173,173,30,30,30,30,124,124,161,187,6,22,121,121,36,36,36,36],"floor_reached":27,"playtime":728,"items_purged":[],"score":342,"play_id":"91ddef9a-6775-41e1-a500-5bdb2ff79f88","local_time":"20230925001807","is_ascension_mode":true,"campfire_choices":[{"data":"Magnetism","floor":6,"key":"SMITH"},{"floor":11,"key":"REST"},{"floor":13,"key":"REST"},{"data":"Dualcast","floor":15,"key":"SMITH"},{"data":"Echo Form","floor":23,"key":"SMITH"},{"floor":25,"key":"REST"}],"neow_cost":"PERCENT_DAMAGE","seed_source_timestamp":527713444200,"circlet_count":0,"master_deck":["AscendersBane","Strike_B","Strike_B","Strike_B","Defend_B","Defend_B","Defend_B","Defend_B","Zap","Dualcast+1","Magnetism+1","Doom and Gloom","Barrage","Sunder+1","Leap","Echo Form+1","Genetic Algorithm+1","Self Repair"],"relics":["Cracked Core","Sundial","Darkstone Periapt","Orichalcum","Velvet Choker","Anchor","Centennial Puzzle","Potion Belt","StrikeDummy"],"potions_floor_usage":[10,18,27],"damage_taken":[{"damage":3,"enemies":"Small Slimes","floor":1,"turns":3},{"damage":1,"enemies":"Cultist","floor":2,"turns":3},{"damage":2,"enemies":"2 Louse","floor":4,"turns":2},{"damage":35,"enemies":"3 Sentries","floor":7,"turns":8},{"damage":17,"enemies":"Looter","floor":10,"turns":3},{"damage":23,"enemies":"Slime Boss","floor":16,"turns":8},{"damage":13,"enemies":"Spheric Guardian","floor":18,"turns":4},{"damage":20,"enemies":"Chosen","floor":21,"turns":5},{"damage":70,"enemies":"Book of Stabbing","floor":27,"turns":6}],"seed_played":"8806283075344669023","potions_obtained":[{"floor":2,"key":"Ancient Potion"},{"floor":7,"key":"ColorlessPotion"},{"floor":16,"key":"SpeedPotion"},{"floor":18,"key":"AttackPotion"}],"is_trial":false,"path_per_floor":["M","M","?","M","$","R","E","?","T","M","R","$","R","?","R","B",null,"M","T","$","M","?","R","?","R","T","E"],"character_chosen":"DEFECT","items_purchased":["Orichalcum","Self Repair","Centennial Puzzle"],"campfire_rested":3,"item_purchase_floors":[12,20,20],"current_hp_per_floor":[47,46,46,44,44,44,9,34,34,17,39,39,61,61,61,38,66,53,53,53,47,47,47,47,69,69,0],"gold":36,"neow_bonus":"RANDOM_COLORLESS_2","is_prod":false,"is_daily":false,"chose_seed":false,"campfire_upgraded":3,"win_rate":0,"timestamp":1695590287,"path_taken":["M","M","?","M","?","R","E","?","T","M","R","$","R","?","R","BOSS","M","?","$","M","?","R","?","R","T","E"],"build_version":"2022-12-18","purchased_purges":0,"victory":false,"max_hp_per_floor":[75,75,75,75,75,75,75,75,75,75,75,75,75,75,75,75,75,75,75,75,75,75,75,75,75,75,75],"card_choices":[{"not_picked":["Apotheosis","Secret Technique"],"picked":"Magnetism","floor":0},{"not_picked":["Storm","Turbo"],"picked":"Doom and Gloom","floor":1},{"not_picked":["Tempest","Turbo"],"picked":"Barrage","floor":2},{"not_picked":["Stack","Recycle"],"picked":"Sunder","floor":4},{"not_picked":["Storm","Doom and Gloom","FTL"],"picked":"SKIP","floor":7},{"not_picked":["Redo","Compile Driver"],"picked":"Leap","floor":10},{"not_picked":["Hyperbeam","Meteor Strike"],"picked":"Echo Form","floor":16},{"not_picked":["Turbo","Rebound"],"picked":"Genetic Algorithm+1","floor":18},{"not_picked":["Rebound","Turbo","Stack"],"picked":"SKIP","floor":21}],"player_experience":433566,"relics_obtained":[{"floor":7,"key":"Sundial"},{"floor":9,"key":"Darkstone Periapt"},{"floor":19,"key":"Anchor"},{"floor":26,"key":"StrikeDummy"}],"event_choices":[{"cards_removed":["Strike_B"],"damage_healed":0,"gold_gain":0,"player_choice":"Purged","damage_taken":0,"max_hp_gain":0,"max_hp_loss":0,"event_name":"Purifier","floor":3,"gold_loss":0},{"damage_healed":25,"gold_gain":0,"player_choice":"Banana","damage_taken":0,"max_hp_gain":0,"max_hp_loss":0,"event_name":"Big Fish","floor":8,"gold_loss":0},{"damage_healed":0,"gold_gain":0,"player_choice":"Upgraded","damage_taken":0,"max_hp_gain":0,"max_hp_loss":0,"event_name":"Upgrade Shrine","floor":14,"gold_loss":0,"cards_upgraded":["Sunder"]},{"damage_healed":0,"gold_gain":99,"player_choice":"Stole From Cult","damage_taken":0,"max_hp_gain":0,"max_hp_loss":0,"event_name":"Nest","floor":22,"gold_loss":0},{"damage_healed":0,"gold_gain":0,"player_choice":"Obtained Relic","damage_taken":0,"relics_obtained":["Potion Belt"],"max_hp_gain":0,"max_hp_loss":0,"event_name":"Addict","floor":24,"gold_loss":85}],"is_beta":false,"boss_relics":[{"not_picked":["Sozu","Coffee Dripper"],"picked":"Velvet Choker"}],"items_purged_floors":[],"is_endless":false,"potions_floor_spawned":[2,7,16,18],"killed_by":"Book of Stabbing","ascension_level":13}