{"gold_per_floor":[118,118,137,157,169,169,180,212,293,6,33,33,33,44,44,123,123,135,148,148,160,13,13,48,67,67,0,0],"floor_reached":28,"playtime":1122,"items_purged":[],"score":468,"play_id":"5f4f6e6e-bd02-440b-a3e6-5417e816b901","local_time":"20231217032141","is_ascension_mode":true,"campfire_choices":[{"data":"White Noise","floor":6,"key":"SMITH"},{"floor":13,"key":"REST"},{"floor":15,"key":"REST"},{"floor":23,"key":"REST"}],"neow_cost":"NONE","seed_source_timestamp":91519287416700,"circlet_count":0,"master_deck":["AscendersBane","Strike_B","Strike_B","Strike_B","Strike_B","Defend_B","Defend_B","Defend_B","Defend_B","Zap","Dualcast","Ball Lightning","White Noise+1","Melter","Echo Form","Consume","Biased Cognition","Core Surge"],"relics":["Runic Pyramid","NlothsMask","Eternal Feather","Vajra","Gambling Chip","SlaversCollar","Regal Pillow","Blood Vial","Bag of Preparation"],"potions_floor_usage":[8,8,16,18,18,21],"damage_taken":[{"damage":7,"enemies":"Jaw Worm","floor":1,"turns":3},{"damage":1,"enemies":"Cultist","floor":3,"turns":3},{"damage":5,"enemies":"2 Louse","floor":4,"turns":2},{"damage":3,"enemies":"Blue Slaver","floor":5,"turns":3},{"damage":1,"enemies":"Exordium Thugs","floor":7,"turns":4},{"damage":0,"enemies":"Lagavulin","floor":8,"turns":5},{"damage":40,"enemies":"Gremlin Nob","floor":11,"turns":4},{"damage":9,"enemies":"3 Louse","floor":14,"turns":3},{"damage":17,"enemies":"Slime Boss","floor":16,"turns":8},{"damage":2,"enemies":"3 Byrds","floor":18,"turns":4},{"damage":17,"enemies":"Chosen","floor":19,"turns":5},{"damage":39,"enemies":"Centurion and Healer","floor":21,"turns":4},{"damage":30,"enemies":"Gremlin Leader","floor":24,"turns":4},{"damage":20,"enemies":"Chosen and Byrds","floor":25,"turns":5},{"damage":18,"enemies":"Snecko","floor":28,"turns":3}],"seed_played":"-368132701982258042","potions_obtained":[{"floor":1,"key":"EntropicBrew"},{"floor":3,"key":"Ancient Potion"},{"floor":4,"key":"DuplicationPotion"},{"floor":16,"key":"AttackPotion"},{"floor":18,"key":"EssenceOfSteel"}],"is_trial":false,"path_per_floor":["M","?","M","M","M","R","M","E","T","$","E","$","R","M","R","B",null,"M","M","?","M","$","R","E","M","T","?","M"],"character_chosen":"DEFECT","items_purchased":["Echo Form","Vajra","Regal Pillow"],"campfire_rested":3,"item_purchase_floors":[10,10,22],"current_hp_per_floor":[57,57,56,51,48,48,47,47,47,47,7,7,37,28,58,41,64,62,45,45,6,6,51,21,3,3,3,0],"gold":0,"neow_bonus":"BOSS_RELIC","is_prod":false,"is_daily":false,"chose_seed":false,"campfire_upgraded":1,"win_rate":0,"timestamp":1702776101,"path_taken":["M","?","?","M","M","R","M","E","T","$","E","$","R","M","R","BOSS","M","M","?","M","$","R","E","M","T","?","?"],"build_version":"2022-12-18","purchased_purges":0,"victory":false,"max_hp_per_floor":[71,71,71,71,71,71,71,71,71,71,71,71,71,71,71,71,71,71,71,71,71,71,71,71,71,71,71,71],"card_choices":[{"not_picked":["Force Field","Hologram"],"picked":"Ball Lightning","floor":1},{"not_picked":["Blizzard","Conserve Battery"],"picked":"White Noise","floor":3},{"not_picked":["Scrape","Conserve Battery"],"picked":"Melter","floor":4},{"not_picked":["Compile Driver","Barrage","Beam Cell"],"picked":"SKIP","floor":5},{"not_picked":["Coolheaded","Gash","Ball Lightning"],"picked":"SKIP","floor":7},{"not_picked":["Sweeping Beam","Ball Lightning","Rip and Tear"],"picked":"SKIP","floor":8},{"not_picked":["Sweeping Beam","Compile Driver","Chaos"],"picked":"SKIP","floor":11},{"not_picked":["Coolheaded","Darkness"],"picked":"Consume","floor":14},{"not_picked":["Hyperbeam","Multi-Cast"],"picked":"Biased Cognition","floor":16},{"not_picked":["Beam Cell","Stack+1","Hologram"],"picked":"SKIP","floor":18},{"not_picked":["Tempest","Stack","Ball Lightning"],"picked":"SKIP","floor":19},{"not_picked":["Conserve Battery","Stack","Cold Snap"],"picked":"SKIP","floor":21},{"not_picked":["Storm","Streamline"],"picked":"Core Surge","floor":24},{"not_picked":["Rebound","Compile Driver","Cold Snap"],"picked":"SKIP","floor":25}],"player_experience":545279,"relics_obtained":[{"floor":8,"key":"Eternal Feather"},{"floor":11,"key":"Gambling Chip"},{"floor":24,"key":"Blood Vial"},{"floor":26,"key":"Bag of Preparation"}],"event_choices":[{"damage_healed":0,"gold_gain":0,"player_choice":"Trade","damage_taken":0,"relics_obtained":["NlothsMask"],"max_hp_gain":0,"max_hp_loss":0,"event_name":"FaceTrader","floor":2,"gold_loss":0},{"damage_healed":0,"gold_gain":0,"player_choice":"Ignored","damage_taken":0,"max_hp_gain":0,"max_hp_loss":0,"event_name":"Vampires","floor":20,"gold_loss":0},{"damage_healed":0,"gold_gain":0,"player_choice":"Paid Fearfully","damage_taken":0,"max_hp_gain":0,"max_hp_loss":0,"event_name":"Masked Bandits","floor":27,"gold_loss":67}],"is_beta":false,"boss_relics":[{"not_picked":["Empty Cage","Snecko Eye"],"picked":"SlaversCollar"}],"items_purged_floors":[],"is_endless":false,"potions_floor_spawned":[1,3,4,8,16,18],"killed_by":"Snecko","ascension_level":14}