{"gold_per_floor":[118,133,208,222,235,235,225,225,225,59,73,73,93,103,103,186,186,206,206,56,83,101,101,132,132,157,167,184,204,204,1,1,86,86,105,121,61,70,0,30,30,30,57,66,93,52,64,74,74,74],"floor_reached":51,"playtime":2852,"items_purged":["Streamline"],"score":1079,"play_id":"1cc98cea-33ca-43d2-b3eb-aec67c558a1e","local_time":"20231211183607","is_ascension_mode":true,"campfire_choices":[{"data":"Glacier","floor":6.0,"key":"SMITH"},{"floor":15.0,"key":"REST"},{"data":"Buffer","floor":23.0,"key":"SMITH"},{"floor":25.0,"key":"REST"},{"floor":32.0,"key":"REST"},{"floor":41,"key":"REST"},{"floor":44,"key":"REST"},{"floor":49,"key":"REST"}],"neow_cost":"NONE","seed_source_timestamp":0,"circlet_count":0,"master_deck":["AscendersBane","Strike_B+1","Strike_B+1","Defend_B+1","Defend_B+1","Defend_B+1","Dualcast","Glacier+1","Blizzard+1","Cold Snap","Cold Snap","Coolheaded","Glacier","Buffer+1","Capacitor","Seek","Writhe","Blizzard","Capacitor+1"],"special_seed":0,"relics":["Cracked Core","CeramicFish","Shuriken","Nunchaku","SacredBark","Anchor","DataDisk","Bag of Preparation","The Courier","Vajra","White Beast Statue","Empty Cage","Red Mask","Frozen Egg 2","Dream Catcher"],"potions_floor_usage":[40,45,48,50,50],"damage_taken":[{"damage":5.0,"enemies":"2 Louse","floor":1.0,"turns":2.0},{"damage":9.0,"enemies":"Jaw Worm","floor":2.0,"turns":3.0},{"damage":12.0,"enemies":"Small Slimes","floor":4.0,"turns":3.0},{"damage":1.0,"enemies":"Exordium Wildlife","floor":5.0,"turns":2.0},{"damage":17.0,"enemies":"Exordium Thugs","floor":7.0,"turns":5.0},{"damage":1.0,"enemies":"Looter","floor":11.0,"turns":4.0},{"damage":0.0,"enemies":"Exordium Wildlife","floor":13.0,"turns":3.0},{"damage":4.0,"enemies":"Large Slime","floor":14.0,"turns":6.0},{"damage":25.0,"enemies":"Slime Boss","floor":16.0,"turns":11.0},{"damage":3.0,"enemies":"Shell Parasite","floor":18.0,"turns":12.0},{"damage":55.0,"enemies":"Book of Stabbing","floor":24.0,"turns":12.0},{"damage":0.0,"enemies":"Spheric Guardian","floor":27.0,"turns":6.0},{"damage":0.0,"enemies":"Centurion and Healer","floor":28.0,"turns":8.0},{"damage":1.0,"enemies":"Snecko","floor":29.0,"turns":7.0},{"damage":50.0,"enemies":"Champ","floor":33.0,"turns":17.0},{"damage":0,"enemies":"Orb Walker","floor":35,"turns":7},{"damage":8,"enemies":"3 Darklings","floor":36,"turns":8},{"damage":53,"enemies":"Giant Head","floor":40,"turns":17},{"damage":4,"enemies":"Spire Growth","floor":45,"turns":10},{"damage":21,"enemies":"Sphere and 2 Shapes","floor":47,"turns":9},{"damage":3,"enemies":"4 Shapes","floor":48,"turns":10},{"damage":51,"enemies":"Donu and Deca","floor":50,"turns":14}],"seed_played":"6902052653549488956","potions_obtained":[{"floor":1.0,"key":"Dexterity Potion"},{"floor":2.0,"key":"PowerPotion"},{"floor":11.0,"key":"Explosive Potion"},{"floor":14.0,"key":"SpeedPotion"},{"floor":16.0,"key":"EssenceOfDarkness"},{"floor":33.0,"key":"AttackPotion"},{"floor":35,"key":"Fire Potion"},{"floor":36,"key":"FocusPotion"},{"floor":40,"key":"SteroidPotion"},{"floor":45,"key":"LiquidBronze"},{"floor":47,"key":"SkillPotion"},{"floor":48,"key":"LiquidBronze"}],"is_trial":false,"path_per_floor":["M","M","?","M","M","R","M","T","T","$","M","?","M","M","R","B",null,"M","?","$","T","?","R","E","R","T","M","M","M","?","$","R","B",null,"M","M","$","?","?","E","R","?","T","R","M","$","M","M","R","B",null],"character_chosen":"DEFECT","items_purchased":["Coolheaded","Nunchaku","DataDisk","White Beast Statue","Weak Potion"],"campfire_rested":6,"item_purchase_floors":[10,10,20,31,46],"current_hp_per_floor":[70,61,50,38,37,37,20,20,20,20,19,19,19,15,39,14,65,62,62,62,62,62,62,7,31,31,31,31,30,30,30,54,4,63,63,55,55,76,76,23,47,47,47,71,67,67,46,43,67,16],"gold":74,"neow_bonus":"TEN_PERCENT_HP_BONUS","is_prod":false,"is_daily":false,"chose_seed":false,"campfire_upgraded":2,"win_rate":0,"timestamp":1702312567,"path_taken":["M","M","?","M","M","R","M","?","T","?","M","?","M","M","R","BOSS","M","?","?","?","?","R","E","R","T","M","?","M","?","$","R","BOSS","M","M","$","?","?","E","R","?","T","R","M","$","M","M","R","BOSS"],"build_version":"2022-12-18","purchased_purges":1,"victory":true,"max_hp_per_floor":[82,82,82,82,82,82,82,82,82,82,82,82,82,82,82,82,82,82,82,82,82,82,82,82,82,82,82,82,82,82,82,82,82,82,82,82,82,82,82,82,82,82,82,82,82,82,82,82,82,82],"card_choices":[{"not_picked":["Beam Cell","Redo"],"picked":"Streamline","floor":1.0},{"not_picked":["Ball Lightning","Hologram"],"picked":"Glacier","floor":2.0},{"not_picked":["Undo","Recycle"],"picked":"Blizzard","floor":4.0},{"not_picked":["Barrage","Turbo"],"picked":"Cold Snap","floor":5.0},{"not_picked":["Go for the Eyes","Hyperbeam"],"picked":"Cold Snap","floor":7.0},{"not_picked":["Go for the Eyes","Hello World","Barrage"],"picked":"SKIP","floor":11.0},{"not_picked":["Chill","Streamline"],"picked":"Glacier","floor":13.0},{"not_picked":["Conserve Battery","Steam","Ball Lightning"],"picked":"SKIP","floor":14.0},{"not_picked":["Multi-Cast","Rainbow"],"picked":"Buffer","floor":16.0},{"not_picked":["Redo","Stack+1","Steam+1"],"picked":"SKIP","floor":18.0},{"not_picked":["Ball Lightning","Genetic Algorithm","Redo+1"],"picked":"SKIP","floor":24.0},{"not_picked":["Streamline","Sweeping Beam","Rebound"],"picked":"SKIP","floor":27.0},{"not_picked":["Buffer","Compile Driver","Darkness"],"picked":"SKIP","floor":28.0},{"not_picked":["Cold Snap","Hologram","Leap"],"picked":"SKIP","floor":29.0},{"not_picked":["Amplify","Core Surge"],"picked":"Seek","floor":33.0},{"not_picked":["Steam+1","Gash","Go for the Eyes+1"],"picked":"SKIP","floor":35},{"not_picked":["Lockon+1","Undo","BootSequence"],"picked":"SKIP","floor":36},{"not_picked":["Cold Snap","Compile Driver","Redo+1"],"picked":"SKIP","floor":40},{"not_picked":["Hologram","Ball Lightning"],"picked":"Blizzard","floor":44},{"not_picked":["White Noise","Glacier+1"],"picked":"Capacitor+1","floor":45},{"not_picked":["Go for the Eyes","Rip and Tear","Hologram"],"picked":"SKIP","floor":47},{"not_picked":["Chaos","Turbo","Sweeping Beam"],"picked":"SKIP","floor":48}],"player_experience":493592,"relics_obtained":[{"floor":8.0,"key":"CeramicFish"},{"floor":9.0,"key":"Shuriken"},{"floor":21.0,"key":"Bag of Preparation"},{"floor":24.0,"key":"The Courier"},{"floor":26.0,"key":"Vajra"},{"floor":40,"key":"Frozen Egg 2"},{"floor":43,"key":"Dream Catcher"}],"event_choices":[{"damage_healed":0.0,"max_hp_gain":0.0,"max_hp_loss":0.0,"gold_gain":75.0,"event_name":"World of Goop","player_choice":"Gather Gold","floor":3.0,"gold_loss":0.0,"damage_taken":11.0},{"damage_healed":0.0,"max_hp_gain":0.0,"max_hp_loss":0.0,"gold_gain":0.0,"event_name":"Living Wall","player_choice":"Grow","floor":12.0,"gold_loss":0.0,"damage_taken":0.0,"cards_upgraded":["Blizzard"]},{"damage_healed":0.0,"max_hp_gain":0.0,"max_hp_loss":0.0,"gold_gain":0.0,"event_name":"WeMeetAgain","player_choice":"Gave Potion","floor":19.0,"gold_loss":0.0,"damage_taken":0.0,"relics_obtained":["Anchor"]},{"damage_healed":0.0,"max_hp_gain":0.0,"max_hp_loss":0.0,"gold_gain":0.0,"cards_transformed":["Strike_B","Defend_B"],"event_name":"Drug Dealer","player_choice":"Became Test Subject","floor":22.0,"gold_loss":0.0,"damage_taken":0.0,"cards_obtained":["Aggregate","Capacitor"]},{"damage_healed":0.0,"max_hp_gain":0.0,"max_hp_loss":0.0,"gold_gain":0.0,"event_name":"Back to Basics","player_choice":"Simplicity","floor":30.0,"gold_loss":0.0,"damage_taken":0.0,"cards_upgraded":["Strike_B","Strike_B","Strike_B","Defend_B","Defend_B","Defend_B"]},{"damage_healed":21,"gold_gain":0,"player_choice":"Writhe","damage_taken":0,"max_hp_gain":0,"max_hp_loss":0,"event_name":"Winding Halls","floor":38,"gold_loss":0,"cards_obtained":["Writhe"]},{"damage_healed":0,"gold_gain":0,"player_choice":"Paid","damage_taken":0,"relics_obtained":["Red Mask"],"max_hp_gain":0,"max_hp_loss":0,"event_name":"Tomb of Lord Red Mask","floor":39,"gold_loss":70},{"cards_removed":["Strike_B"],"damage_healed":0,"gold_gain":0,"player_choice":"Removed Attack","damage_taken":0,"max_hp_gain":0,"max_hp_loss":0,"event_name":"Falling","floor":42,"gold_loss":0}],"is_beta":false,"boss_relics":[{"not_picked":["Coffee Dripper","Busted Crown"],"picked":"SacredBark"},{"not_picked":["Nuclear Battery","FrozenCore"],"picked":"Empty Cage"}],"items_purged_floors":[37],"is_endless":false,"potions_floor_spawned":[1,2,11,14,16,33,35,36,40,45,47,48],"ascension_level":13}