{"gold_per_floor":[109,121,196,206,133,133,152,152,152,172,15,15,15,41,53,139,151,175,204,147,160,188,188,198,198,223,223,188,188,188,204,204,204],"floor_reached":33,"playtime":1147,"items_purged":[],"score":404,"play_id":"ab31e5f8-8311-4091-b8b0-29eb0a474e03","local_time":"20231210040014","is_ascension_mode":true,"campfire_choices":[{"data":"Rainbow","floor":6,"key":"SMITH"},{"data":"Zap","floor":8,"key":"SMITH"},{"floor":13,"key":"REST"},{"data":"Auto Shields","floor":15,"key":"SMITH"},{"floor":23,"key":"REST"},{"floor":27,"key":"REST"},{"floor":32,"key":"REST"}],"neow_cost":"NONE","seed_source_timestamp":1387013435917700,"circlet_count":0,"master_deck":["AscendersBane","Strike_B+1","Strike_B+1","Strike_B+1","Strike_B+1","Defend_B+1","Defend_B+1","Defend_B+1","Defend_B+1","Zap+1","Dualcast","Ball Lightning","Rainbow+1","Capacitor","Auto Shields+1","Electrodynamics","Self Repair","Glacier+1","Consume"],"relics":["Cracked Core","Bag of Preparation","InkBottle","Bronze Scales","Question Card","MawBank","Velvet Choker","Red Mask","Orichalcum"],"potions_floor_usage":[7,10,14,16,21,21,33],"damage_taken":[{"damage":0,"enemies":"Cultist","floor":1,"turns":3},{"damage":9,"enemies":"Jaw Worm","floor":2,"turns":3},{"damage":0,"enemies":"Small Slimes","floor":4,"turns":3},{"damage":8,"enemies":"Blue Slaver","floor":7,"turns":4},{"damage":9,"enemies":"Large Slime","floor":10,"turns":4},{"damage":24,"enemies":"3 Sentries","floor":14,"turns":6},{"damage":35,"enemies":"Hexaghost","floor":16,"turns":8},{"damage":0,"enemies":"Spheric Guardian","floor":18,"turns":3},{"damage":6,"enemies":"3 Byrds","floor":19,"turns":3},{"damage":17,"enemies":"Sentry and Sphere","floor":21,"turns":4},{"damage":33,"enemies":"Masked Bandits","floor":22,"turns":4},{"damage":23,"enemies":"Snecko","floor":24,"turns":5},{"damage":20,"enemies":"3 Cultists","floor":31,"turns":4},{"damage":71,"enemies":"Automaton","floor":33,"turns":8}],"seed_played":"-6124601561787996615","potions_obtained":[{"floor":2,"key":"Ancient Potion"},{"floor":7,"key":"BlessingOfTheForge"},{"floor":10,"key":"CultistPotion"},{"floor":14,"key":"Fruit Juice"},{"floor":16,"key":"LiquidMemories"},{"floor":19,"key":"Strength Potion"},{"floor":31,"key":"BlessingOfTheForge"}],"is_trial":false,"path_per_floor":["M","M","?","M","$","R","M","R","T","M","$","?","R","E","R","B",null,"M","M","$","M","?","R","M","?","T","R","$","?","?","M","R","B"],"character_chosen":"DEFECT","items_purchased":["Regen Potion","Bronze Scales","Self Repair","Consume"],"campfire_rested":4,"item_purchase_floors":[5,11,20,28],"current_hp_per_floor":[68,59,52,52,52,52,56,56,56,47,47,47,69,50,50,15,64,64,58,58,48,22,46,30,30,30,54,54,54,54,41,65,0],"gold":204,"neow_bonus":"RANDOM_COMMON_RELIC","is_prod":false,"is_daily":false,"chose_seed":false,"campfire_upgraded":3,"win_rate":0,"timestamp":1702173614,"path_taken":["M","M","?","?","$","R","M","R","T","M","$","?","R","E","R","BOSS","M","M","$","M","?","R","M","?","T","R","$","?","?","M","R","BOSS"],"build_version":"2022-12-18","purchased_purges":0,"victory":false,"max_hp_per_floor":[75,75,75,75,75,75,75,75,75,75,75,75,75,80,80,80,80,80,80,80,80,80,80,80,80,80,80,80,80,80,80,80,80],"card_choices":[{"not_picked":["Steam","Beam Cell"],"picked":"Ball Lightning","floor":1},{"not_picked":["Scrape","Capacitor"],"picked":"Rainbow","floor":2},{"not_picked":["Redo","Gash"],"picked":"Capacitor","floor":4},{"not_picked":["Lockon","Gash","Beam Cell"],"picked":"SKIP","floor":7},{"not_picked":["Coolheaded","Ball Lightning","Steam"],"picked":"SKIP","floor":10},{"not_picked":["Barrage","Hologram","Leap"],"picked":"Auto Shields","floor":14},{"not_picked":["Machine Learning","Multi-Cast","Echo Form"],"picked":"Electrodynamics","floor":16},{"not_picked":["Compile Driver","Steam","Hologram","Stack"],"picked":"SKIP","floor":18},{"not_picked":["Beam Cell+1","Fusion","Coolheaded","Streamline"],"picked":"SKIP","floor":19},{"not_picked":["Streamline","Hologram","Leap+1","Go for the Eyes"],"picked":"SKIP","floor":21},{"not_picked":["Gash","Meteor Strike","Streamline"],"picked":"Glacier+1","floor":24},{"not_picked":["Cold Snap","Hologram","Sweeping Beam","Coolheaded+1"],"picked":"SKIP","floor":31}],"player_experience":484132,"relics_obtained":[{"floor":9,"key":"InkBottle"},{"floor":14,"key":"MawBank"},{"floor":22,"key":"Red Mask"},{"floor":26,"key":"Orichalcum"}],"event_choices":[{"damage_healed":0,"gold_gain":75,"player_choice":"Touch","damage_taken":7,"max_hp_gain":0,"max_hp_loss":0,"event_name":"FaceTrader","floor":3,"gold_loss":0},{"damage_healed":0,"gold_gain":0,"player_choice":"Gave Potion","damage_taken":0,"relics_obtained":["Question Card"],"max_hp_gain":0,"max_hp_loss":0,"event_name":"WeMeetAgain","floor":12,"gold_loss":0},{"damage_healed":0,"gold_gain":0,"player_choice":"Fought Bandits","damage_taken":0,"max_hp_gain":0,"max_hp_loss":0,"event_name":"Masked Bandits","floor":22,"gold_loss":0},{"damage_healed":0,"gold_gain":0,"player_choice":"Ignored","damage_taken":0,"max_hp_gain":0,"max_hp_loss":0,"event_name":"Vampires","floor":25,"gold_loss":0},{"damage_healed":0,"gold_gain":0,"player_choice":"Simplicity","damage_taken":0,"max_hp_gain":0,"max_hp_loss":0,"event_name":"Back to Basics","floor":29,"gold_loss":0,"cards_upgraded":["Strike_B","Strike_B","Strike_B","Strike_B","Defend_B","Defend_B","Defend_B","Defend_B"]},{"damage_healed":0,"gold_gain":0,"player_choice":"Ignored","damage_taken":0,"max_hp_gain":0,"max_hp_loss":0,"event_name":"Cursed Tome","floor":30,"gold_loss":0}],"is_beta":false,"boss_relics":[{"not_picked":["Empty Cage","Fusion Hammer"],"picked":"Velvet Choker"}],"items_purged_floors":[],"is_endless":false,"potions_floor_spawned":[2,7,10,14,16,19,31],"killed_by":"Automaton","ascension_level":13}