{"gold_per_floor":[116,134,134,148,167,167,167,167,167,167,198,216,216,291,291,291],"floor_reached":16,"playtime":345,"items_purged":[],"score":173,"play_id":"bed94c01-1d7b-4fd0-a6b5-f77dff5c7b9d","local_time":"20231220180144","is_ascension_mode":true,"campfire_choices":[{"data":"Streamline","floor":6,"key":"SMITH"},{"floor":8,"key":"REST"},{"floor":10,"key":"REST"},{"data":"Echo Form","floor":13,"key":"SMITH"},{"data":"Conserve Battery","floor":15,"key":"SMITH"}],"neow_cost":"PERCENT_DAMAGE","seed_source_timestamp":166679468668100,"circlet_count":0,"master_deck":["AscendersBane","Strike_B","Strike_B","Strike_B","Strike_B","Defend_B","Defend_B","Defend_B","Zap","Dualcast","Loop","Conserve Battery+1","Streamline+1","Glacier","Rip and Tear","Echo Form+1"],"relics":["Cracked Core","StoneCalendar","Du-Vu Doll","Incense Burner"],"potions_floor_usage":[7,16],"damage_taken":[{"damage":3,"enemies":"2 Louse","floor":1,"turns":3},{"damage":6,"enemies":"Cultist","floor":2,"turns":3},{"damage":4,"enemies":"Small Slimes","floor":4,"turns":3},{"damage":14,"enemies":"3 Louse","floor":5,"turns":4},{"damage":0,"enemies":"Exordium Thugs","floor":7,"turns":2},{"damage":29,"enemies":"Gremlin Nob","floor":11,"turns":4},{"damage":7,"enemies":"Exordium Wildlife","floor":12,"turns":5},{"damage":14,"enemies":"Hexaghost","floor":16,"turns":4}],"seed_played":"-5779086157311472252","potions_obtained":[{"floor":1,"key":"SmokeBomb"},{"floor":11,"key":"Dexterity Potion"},{"floor":12,"key":"Fire Potion"}],"is_trial":false,"path_per_floor":["M","M","?","M","M","R","M","R","T","R","E","M","R","?","R","B"],"character_chosen":"DEFECT","items_purchased":[],"campfire_rested":2,"item_purchase_floors":[],"current_hp_per_floor":[43,37,37,33,19,19,19,40,40,61,32,25,25,14,14,0],"gold":291,"neow_bonus":"ONE_RARE_RELIC","is_prod":false,"is_daily":false,"chose_seed":false,"campfire_upgraded":3,"win_rate":0,"timestamp":1703088104,"path_taken":["M","M","?","?","M","R","M","R","T","R","E","M","R","?","R","BOSS"],"build_version":"2022-12-18","purchased_purges":0,"victory":false,"max_hp_per_floor":[71,71,71,71,71,71,71,71,71,71,71,71,71,71,71,71],"card_choices":[{"not_picked":["Ball Lightning","Barrage"],"picked":"Loop","floor":1},{"not_picked":["Compile Driver","Recycle"],"picked":"Conserve Battery","floor":2},{"not_picked":["Go for the Eyes","Beam Cell"],"picked":"Streamline","floor":4},{"not_picked":["Go for the Eyes","Loop"],"picked":"Glacier","floor":5},{"not_picked":["Compile Driver","BootSequence"],"picked":"Rip and Tear","floor":11},{"not_picked":["Doom and Gloom","Cold Snap"],"picked":"Echo Form","floor":12}],"player_experience":567236,"relics_obtained":[{"floor":9,"key":"Du-Vu Doll"},{"floor":11,"key":"Incense Burner"}],"event_choices":[{"cards_removed":["Defend_B"],"damage_healed":0,"gold_gain":0,"player_choice":"Purged","damage_taken":0,"max_hp_gain":0,"max_hp_loss":0,"event_name":"Purifier","floor":3,"gold_loss":0},{"damage_healed":0,"gold_gain":75,"player_choice":"Gather Gold","damage_taken":11,"max_hp_gain":0,"max_hp_loss":0,"event_name":"World of Goop","floor":14,"gold_loss":0}],"is_beta":false,"boss_relics":[],"items_purged_floors":[],"is_endless":false,"potions_floor_spawned":[1,7,11,12],"killed_by":"Hexaghost","ascension_level":14}