{"gold_per_floor":[13,13,13,38,52,71,71,91,91,139,139,139,154,174,174,270,270,283,283,283,34,52,52,83,83,83,116,116,134,159,159,159,159],"floor_reached":33,"playtime":847,"items_purged":[],"score":499,"play_id":"02231e42-3dc6-44fd-a870-07193b48d198","local_time":"20231226020809","is_ascension_mode":true,"campfire_choices":[{"floor":7,"key":"REST"},{"data":"Ball Lightning","floor":12,"key":"SMITH"},{"data":"Loop","floor":15,"key":"SMITH"},{"floor":23,"key":"REST"},{"floor":25,"key":"REST"},{"floor":28,"key":"REST"},{"floor":32,"key":"REST"}],"neow_cost":"NO_GOLD","seed_source_timestamp":51991393001800,"circlet_count":0,"master_deck":["AscendersBane","Zap","Dualcast","Ball Lightning+1","Conserve Battery","Gash+1","Beam Cell","Loop+1","Echo Form","Storm","Chaos","Hello World","Lockon","Conserve Battery","Biased Cognition","Loop","Capacitor","Force Field","Force Field+1","Ghostly","Ghostly","Ghostly"],"relics":["Cracked Core","Golden Idol","Vajra","Lantern","Whetstone","Pandora\u0027s Box","DataDisk","HornCleat","Shuriken","InkBottle"],"potions_floor_usage":[16,16,18,33,33],"damage_taken":[{"damage":0,"enemies":"2 Louse","floor":1,"turns":2},{"damage":7,"enemies":"Small Slimes","floor":4,"turns":2},{"damage":0,"enemies":"Cultist","floor":5,"turns":2},{"damage":16,"enemies":"Exordium Thugs","floor":6,"turns":4},{"damage":6,"enemies":"3 Louse","floor":8,"turns":3},{"damage":0,"enemies":"Looter","floor":13,"turns":2},{"damage":0,"enemies":"Exordium Wildlife","floor":14,"turns":2},{"damage":21,"enemies":"The Guardian","floor":16,"turns":10},{"damage":18,"enemies":"2 Thieves","floor":18,"turns":3},{"damage":10,"enemies":"Shell Parasite","floor":22,"turns":3},{"damage":30,"enemies":"Gremlin Leader","floor":24,"turns":4},{"damage":37,"enemies":"Slavers","floor":27,"turns":3},{"damage":27,"enemies":"Snake Plant","floor":29,"turns":3},{"damage":6,"enemies":"Sentry and Sphere","floor":30,"turns":4},{"damage":21,"enemies":"Automaton","floor":33,"turns":4}],"seed_played":"-6613419257848874029","potions_obtained":[{"floor":1,"key":"LiquidBronze"},{"floor":6,"key":"Dexterity Potion"},{"floor":14,"key":"PotionOfCapacity"},{"floor":16,"key":"SkillPotion"},{"floor":29,"key":"PotionOfCapacity"},{"floor":30,"key":"EssenceOfSteel"}],"is_trial":false,"path_per_floor":["M","?","?","M","M","M","R","M","T","T","?","R","M","M","R","B",null,"M","?","?","$","M","R","E","R","T","E","R","M","M","?","R","B"],"character_chosen":"DEFECT","items_purchased":["DataDisk","Loop"],"campfire_rested":5,"item_purchase_floors":[21,21],"current_hp_per_floor":[64,40,40,33,33,17,38,32,32,32,55,55,55,55,55,34,62,44,58,58,58,48,69,39,60,60,23,44,17,11,11,21,0],"gold":159,"neow_bonus":"REMOVE_TWO","is_prod":false,"is_daily":false,"chose_seed":false,"campfire_upgraded":2,"win_rate":0,"timestamp":1703549289,"path_taken":["M","?","?","?","M","M","R","M","T","?","?","R","M","M","R","BOSS","M","?","?","$","M","R","E","R","T","E","R","M","M","?","R","BOSS"],"build_version":"2022-12-18","purchased_purges":0,"victory":false,"max_hp_per_floor":[71,71,71,71,71,71,71,71,71,71,71,71,71,71,71,71,71,71,71,71,71,71,71,71,71,71,71,71,71,71,35,35,35],"card_choices":[{"not_picked":["Glacier","Streamline"],"picked":"Ball Lightning","floor":1},{"not_picked":["Turbo","Stack"],"picked":"Conserve Battery","floor":4},{"not_picked":["Hologram","Steam","Compile Driver"],"picked":"SKIP","floor":5},{"not_picked":["Steam","Coolheaded","Reinforced Body"],"picked":"SKIP","floor":6},{"not_picked":["Loop","Electrodynamics"],"picked":"Gash","floor":8},{"not_picked":["Ball Lightning","Consume"],"picked":"Beam Cell","floor":13},{"not_picked":["Beam Cell","Conserve Battery"],"picked":"Loop","floor":14},{"not_picked":["Biased Cognition","Buffer"],"picked":"Echo Form","floor":16},{"not_picked":["Steam","Recycle","Compile Driver"],"picked":"SKIP","floor":18},{"not_picked":["Beam Cell+1","Compile Driver","Steam"],"picked":"SKIP","floor":22},{"not_picked":["Compile Driver","Stack"],"picked":"Capacitor","floor":24},{"not_picked":["BootSequence","Double Energy","Stack"],"picked":"SKIP","floor":27},{"not_picked":["Chaos","Turbo"],"picked":"Force Field","floor":29},{"not_picked":["Steam Power","Machine Learning"],"picked":"Force Field+1","floor":30}],"player_experience":591147,"relics_obtained":[{"floor":3,"key":"Vajra"},{"floor":9,"key":"Lantern"},{"floor":10,"key":"Whetstone"},{"floor":24,"key":"HornCleat"},{"floor":26,"key":"Shuriken"},{"floor":27,"key":"InkBottle"}],"event_choices":[{"damage_healed":0,"gold_gain":0,"player_choice":"Take Damage","damage_taken":24,"relics_obtained":["Golden Idol"],"max_hp_gain":0,"max_hp_loss":0,"event_name":"Golden Idol","floor":2,"gold_loss":0},{"damage_healed":0,"gold_gain":0,"player_choice":"Relic","damage_taken":0,"max_hp_gain":0,"max_hp_loss":0,"event_name":"Wheel of Change","floor":3,"gold_loss":0},{"damage_healed":23,"gold_gain":0,"player_choice":"Banana","damage_taken":0,"max_hp_gain":0,"max_hp_loss":0,"event_name":"Big Fish","floor":11,"gold_loss":0},{"damage_healed":14,"gold_gain":0,"player_choice":"Heal","damage_taken":0,"max_hp_gain":0,"max_hp_loss":0,"event_name":"The Library","floor":19,"gold_loss":0},{"damage_healed":0,"gold_gain":0,"player_choice":"Ignored","damage_taken":0,"max_hp_gain":0,"max_hp_loss":0,"event_name":"Vampires","floor":20,"gold_loss":0},{"damage_healed":0,"gold_gain":0,"player_choice":"Became a Ghost","damage_taken":0,"max_hp_gain":0,"max_hp_loss":36,"event_name":"Ghosts","floor":31,"gold_loss":0,"cards_obtained":["Ghostly","Ghostly","Ghostly"]}],"is_beta":false,"boss_relics":[{"not_picked":["Runic Dome","Tiny House"],"picked":"Pandora\u0027s Box"}],"items_purged_floors":[],"is_endless":false,"potions_floor_spawned":[1,6,8,14,16,29,30],"killed_by":"Automaton","ascension_level":16}