{"gold_per_floor":[17,37,37,50,62,62,94,94,94,94,94,20,20,20,20,97,97,111,111,130,144,144,144,156,156,233,233,158,188,203,96,96,173,173,184,237,75,93,93,93,93],"floor_reached":41,"playtime":972,"items_purged":["Strike_B"],"score":823,"play_id":"c8a543e8-3cf7-4248-988f-8fa8c5162249","local_time":"20231226015352","is_ascension_mode":true,"campfire_choices":[{"data":"Hyperbeam","floor":6,"key":"SMITH"},{"floor":8,"key":"REST"},{"data":"Hyperbeam","floor":10,"key":"SMITH"},{"floor":15,"key":"REST"},{"data":"Echo Form","floor":23,"key":"SMITH"},{"floor":25,"key":"REST"},{"floor":27,"key":"REST"},{"floor":32,"key":"REST"},{"floor":40,"key":"REST"}],"neow_cost":"NO_GOLD","seed_source_timestamp":51007502071800,"circlet_count":0,"master_deck":["AscendersBane","Strike_B","Defend_B","Defend_B+1","Defend_B","Zap","Dualcast","Hyperbeam+1","Sunder","Capacitor","Chaos+1","Streamline","Hyperbeam+1","Melter","Seek","Streamline","Steam Power","Echo Form+1","Rebound+1","Reprogram","Turbo","Fission","Master of Strategy","Steam+1"],"relics":["Cracked Core","Question Card","Ornamental Fan","NlothsMask","Nuclear Battery","The Courier","Anchor","Busted Crown","Prayer Wheel"],"potions_floor_usage":[16,16,16,21,29,33],"damage_taken":[{"damage":0,"enemies":"Small Slimes","floor":1,"turns":2},{"damage":0,"enemies":"Cultist","floor":2,"turns":3},{"damage":0,"enemies":"2 Louse","floor":4,"turns":2},{"damage":0,"enemies":"Exordium Thugs","floor":5,"turns":3},{"damage":40,"enemies":"Lagavulin","floor":7,"turns":5},{"damage":0,"enemies":"Slime Boss","floor":16,"turns":6},{"damage":12,"enemies":"2 Thieves","floor":18,"turns":2},{"damage":13,"enemies":"3 Byrds","floor":20,"turns":2},{"damage":0,"enemies":"3 Cultists","floor":21,"turns":1},{"damage":12,"enemies":"Cultist and Chosen","floor":24,"turns":3},{"damage":39,"enemies":"Slavers","floor":29,"turns":3},{"damage":0,"enemies":"Chosen and Byrds","floor":30,"turns":2},{"damage":41,"enemies":"Collector","floor":33,"turns":8},{"damage":0,"enemies":"Orb Walker","floor":35,"turns":2},{"damage":38,"enemies":"2 Orb Walkers","floor":36,"turns":4},{"damage":0,"enemies":"3 Darklings","floor":38,"turns":2},{"damage":47,"enemies":"Reptomancer","floor":41,"turns":3}],"seed_played":"1795157040368548241","potions_obtained":[{"floor":2,"key":"Fire Potion"},{"floor":7,"key":"Dexterity Potion"},{"floor":16,"key":"Fruit Juice"},{"floor":18,"key":"SneckoOil"},{"floor":21,"key":"Swift Potion"},{"floor":29,"key":"ColorlessPotion"},{"floor":36,"key":"Fire Potion"}],"is_trial":false,"path_per_floor":["M","M","?","M","M","R","E","R","T","R","?","$","?","?","R","B",null,"M","?","M","M","?","R","M","R","T","R","?","E","M","$","R","B",null,"M","?","$","M","$","R","E"],"character_chosen":"DEFECT","items_purchased":["Melter","Turbo","Master of Strategy"],"campfire_rested":6,"item_purchase_floors":[12,31,37],"current_hp_per_floor":[64,64,64,64,64,64,24,45,45,45,45,45,45,24,45,50,70,58,58,45,45,45,45,33,55,55,76,76,37,37,37,59,18,62,62,24,24,24,24,46,0],"gold":93,"neow_bonus":"THREE_RARE_CARDS","is_prod":false,"is_daily":false,"chose_seed":false,"campfire_upgraded":3,"win_rate":0,"timestamp":1703548432,"path_taken":["M","M","?","?","M","R","E","R","T","R","?","?","?","?","R","BOSS","M","?","M","M","?","R","M","R","T","R","?","E","M","$","R","BOSS","M","?","$","M","$","R","E"],"build_version":"2022-12-18","purchased_purges":1,"victory":false,"max_hp_per_floor":[71,71,71,71,71,71,71,71,71,71,71,71,71,71,71,76,76,76,76,76,76,76,76,76,76,76,76,76,76,76,76,76,76,76,76,76,76,76,76,76,76],"card_choices":[{"not_picked":["Fission","Biased Cognition"],"picked":"Hyperbeam","floor":0},{"not_picked":["Go for the Eyes","Blizzard"],"picked":"Sunder","floor":1},{"not_picked":["Leap","Conserve Battery"],"picked":"Capacitor","floor":2},{"not_picked":["Hologram","Turbo"],"picked":"Chaos","floor":4},{"not_picked":["Hologram","Go for the Eyes"],"picked":"Streamline","floor":5},{"not_picked":["Streamline","Blizzard"],"picked":"Hyperbeam","floor":7},{"not_picked":["Biased Cognition","Machine Learning","All For One"],"picked":"Seek","floor":16},{"not_picked":["Recycle","Tempest","Leap"],"picked":"Streamline","floor":18},{"not_picked":["Cold Snap","Stack+1","Rebound","Steam"],"picked":"SKIP","floor":20},{"not_picked":["Cold Snap","Coolheaded","Loop","Consume+1"],"picked":"SKIP","floor":21},{"not_picked":["Gash","Beam Cell","Fusion"],"picked":"Rebound+1","floor":24},{"not_picked":["Redo","Beam Cell","Loop+1","Reinforced Body"],"picked":"SKIP","floor":29},{"not_picked":["Beam Cell+1","Skim","Rainbow"],"picked":"Reprogram","floor":30},{"not_picked":["Buffer","Electrodynamics","Multi-Cast"],"picked":"Fission","floor":33},{"not_picked":["Storm","Coolheaded"],"picked":"SKIP","floor":35},{"not_picked":["Force Field+1"],"picked":"Steam+1","floor":38},{"not_picked":["Sunder","Turbo"],"picked":"SKIP","floor":38}],"player_experience":590175,"relics_obtained":[{"floor":7,"key":"Question Card"},{"floor":9,"key":"Ornamental Fan"},{"floor":29,"key":"Anchor"},{"floor":36,"key":"Prayer Wheel"}],"event_choices":[{"cards_removed":["Strike_B"],"damage_healed":0,"gold_gain":0,"player_choice":"Purged","damage_taken":0,"max_hp_gain":0,"max_hp_loss":0,"event_name":"Purifier","floor":3,"gold_loss":0},{"damage_healed":0,"gold_gain":0,"player_choice":"Trade","damage_taken":0,"relics_obtained":["NlothsMask"],"max_hp_gain":0,"max_hp_loss":0,"event_name":"FaceTrader","floor":11,"gold_loss":0},{"damage_healed":0,"gold_gain":0,"player_choice":"Ignored","damage_taken":0,"max_hp_gain":0,"max_hp_loss":0,"event_name":"Liars Game","floor":13,"gold_loss":0},{"damage_healed":0,"gold_gain":0,"player_choice":"Entered Light","damage_taken":21,"max_hp_gain":0,"max_hp_loss":0,"event_name":"Shining Light","floor":14,"gold_loss":0,"cards_upgraded":["Chaos","Defend_B"]},{"damage_healed":0,"gold_gain":0,"player_choice":"Opened","damage_taken":0,"relics_obtained":["The Courier"],"max_hp_gain":0,"max_hp_loss":0,"event_name":"The Mausoleum","floor":19,"gold_loss":0,"cards_obtained":["Writhe"]},{"damage_healed":0,"gold_gain":0,"cards_transformed":["Strike_B","Defend_B"],"player_choice":"Became Test Subject","damage_taken":0,"max_hp_gain":0,"max_hp_loss":0,"event_name":"Drug Dealer","floor":22,"gold_loss":0,"cards_obtained":["Steam Power","Echo Form"]},{"cards_removed":["Writhe"],"damage_healed":0,"gold_gain":0,"player_choice":"Gave Gold","damage_taken":0,"max_hp_gain":0,"max_hp_loss":0,"event_name":"Beggar","floor":28,"gold_loss":75},{"damage_healed":0,"gold_gain":0,"player_choice":"Fight","damage_taken":0,"max_hp_gain":0,"max_hp_loss":0,"event_name":"Mysterious Sphere","floor":36,"gold_loss":0}],"is_beta":false,"boss_relics":[{"not_picked":["Velvet Choker","Calling Bell"],"picked":"Nuclear Battery"},{"not_picked":["Empty Cage","Cursed Key"],"picked":"Busted Crown"}],"items_purged_floors":[31],"is_endless":false,"potions_floor_spawned":[2,7,16,18,21,29,36],"killed_by":"Reptomancer","ascension_level":16}