{"gold_per_floor":[109,124,141,4,23,67,67,67,67,93,93,52,105,30,30,103,112,130,146,163,163,185,185,213,213],"floor_reached":25,"playtime":853,"items_purged":["Strike_B"],"score":349,"play_id":"f50a6d34-9e1c-48c5-b594-8048cba181c9","local_time":"20231224142449","is_ascension_mode":true,"campfire_choices":[{"floor":8,"key":"REST"},{"data":"Beam Cell","floor":11,"key":"SMITH"},{"floor":15,"key":"REST"},{"floor":23,"key":"REST"}],"neow_cost":"NONE","seed_source_timestamp":71150527935000,"circlet_count":0,"master_deck":["AscendersBane","Strike_B","Strike_B","Strike_B+1","Defend_B","Defend_B+1","Defend_B","Defend_B","Zap","Dualcast+1","Auto Shields+1","Redo","All For One","Reprogram","Beam Cell","Beam Cell+1","Gash","CurseOfTheBell","Scrape+1","Fusion"],"relics":["Cracked Core","War Paint","CeramicFish","Blood Vial","Vajra","Calling Bell","Ancient Tea Set","Torii","White Beast Statue"],"potions_floor_usage":[6,6,18,19,20,22,24,25],"damage_taken":[{"damage":0,"enemies":"Cultist","floor":1,"turns":3},{"damage":0,"enemies":"2 Louse","floor":2,"turns":2},{"damage":0,"enemies":"Jaw Worm","floor":3,"turns":3},{"damage":3,"enemies":"Blue Slaver","floor":5,"turns":3},{"damage":40,"enemies":"3 Sentries","floor":6,"turns":9},{"damage":0,"enemies":"3 Louse","floor":10,"turns":2},{"damage":33,"enemies":"The Guardian","floor":16,"turns":11},{"damage":12,"enemies":"2 Thieves","floor":18,"turns":4},{"damage":22,"enemies":"Spheric Guardian","floor":19,"turns":5},{"damage":22,"enemies":"3 Cultists","floor":20,"turns":6},{"damage":10,"enemies":"Snake Plant","floor":22,"turns":4},{"damage":2,"enemies":"Centurion and Healer","floor":24,"turns":5},{"damage":36,"enemies":"Sentry and Sphere","floor":25,"turns":5}],"seed_played":"-41984896756031043","potions_obtained":[{"floor":3,"key":"BlessingOfTheForge"},{"floor":5,"key":"Swift Potion"},{"floor":16,"key":"GamblersBrew"},{"floor":18,"key":"SteroidPotion"},{"floor":19,"key":"Ancient Potion"},{"floor":20,"key":"Regen Potion"},{"floor":22,"key":"GamblersBrew"},{"floor":24,"key":"GamblersBrew"}],"is_trial":false,"path_per_floor":["M","M","M","$","M","E","?","R","T","M","R","$","T","$","R","B",null,"M","M","M","?","M","R","M","M"],"character_chosen":"DEFECT","items_purchased":["All For One","Gash"],"campfire_rested":3,"item_purchase_floors":[4,12],"current_hp_per_floor":[64,64,64,64,61,21,7,28,28,30,30,30,30,30,51,20,58,48,28,8,8,12,33,33,0],"gold":213,"neow_bonus":"RANDOM_COMMON_RELIC","is_prod":false,"is_daily":false,"chose_seed":false,"campfire_upgraded":1,"win_rate":0,"timestamp":1703420689,"path_taken":["M","M","?","?","M","E","?","R","T","M","R","?","?","$","R","BOSS","M","M","M","?","?","R","M","M"],"build_version":"2022-12-18","purchased_purges":1,"victory":false,"max_hp_per_floor":[71,71,71,71,71,71,71,71,71,71,71,71,71,71,71,71,71,71,71,71,71,71,71,71,71],"card_choices":[{"not_picked":["Coolheaded","Storm"],"picked":"Auto Shields","floor":1},{"not_picked":["Storm","Barrage"],"picked":"Redo","floor":2},{"not_picked":["Hologram","Coolheaded","Turbo"],"picked":"SKIP","floor":3},{"not_picked":["Steam","Undo"],"picked":"Reprogram","floor":5},{"not_picked":["Lockon","Glacier"],"picked":"Beam Cell","floor":6},{"not_picked":["Tempest","All For One"],"picked":"Beam Cell","floor":10},{"not_picked":["Compile Driver","Capacitor","Sweeping Beam"],"picked":"SKIP","floor":18},{"not_picked":["Tempest","Turbo","Hologram"],"picked":"SKIP","floor":19},{"not_picked":["Rebound+1","Beam Cell","Ball Lightning"],"picked":"SKIP","floor":20},{"not_picked":["Glacier+1","Tempest"],"picked":"Scrape+1","floor":22},{"not_picked":["Conserve Battery","Chaos"],"picked":"Fusion","floor":24}],"player_experience":582942,"relics_obtained":[{"floor":6,"key":"CeramicFish"},{"floor":9,"key":"Blood Vial"},{"floor":13,"key":"Vajra"},{"floor":17,"key":"Ancient Tea Set"},{"floor":17,"key":"Torii"},{"floor":17,"key":"White Beast Statue"}],"event_choices":[{"damage_healed":0,"gold_gain":0,"player_choice":"Entered Light","damage_taken":14,"max_hp_gain":0,"max_hp_loss":0,"event_name":"Shining Light","floor":7,"gold_loss":0,"cards_upgraded":["Strike_B","Auto Shields"]},{"damage_healed":0,"gold_gain":0,"player_choice":"0 cards matched","damage_taken":0,"max_hp_gain":0,"max_hp_loss":0,"event_name":"Match and Keep!","floor":21,"gold_loss":0,"cards_obtained":[]}],"is_beta":false,"boss_relics":[{"not_picked":["Runic Pyramid","Ectoplasm"],"picked":"Calling Bell"}],"items_purged_floors":[14],"is_endless":false,"potions_floor_spawned":[3,5,16,18,19,20,22,24],"killed_by":"Sentry and Sphere","ascension_level":14}