{"gold_per_floor":[111,111,32,48,48,73,47,65,118,128,179,179,192,224,224,224],"floor_reached":16,"playtime":294,"items_purged":[],"score":250,"play_id":"f3bbd1ea-da99-42c5-abff-774f4f78394a","local_time":"20231230192556","is_ascension_mode":true,"campfire_choices":[{"floor":15,"key":"REST"}],"neow_cost":"NONE","seed_source_timestamp":23104072384900,"circlet_count":0,"master_deck":["AscendersBane","Strike_B","Strike_B","Strike_B","Strike_B","Defend_B","Defend_B","Defend_B","Zap","Dualcast","White Noise","Rip and Tear+1","Stack","Streamline","Defragment","Sweeping Beam","Electrodynamics","Ball Lightning"],"relics":["Cracked Core","NeowsBlessing","Bag of Marbles","Dream Catcher","Blood Vial","DataDisk"],"potions_floor_usage":[14,14],"damage_taken":[{"damage":0,"enemies":"Jaw Worm","floor":1,"turns":1},{"damage":0,"enemies":"Cultist","floor":4,"turns":1},{"damage":0,"enemies":"Lagavulin","floor":6,"turns":1},{"damage":14,"enemies":"Small Slimes","floor":8,"turns":3},{"damage":12,"enemies":"Looter","floor":10,"turns":3},{"damage":13,"enemies":"Blue Slaver","floor":13,"turns":2},{"damage":18,"enemies":"Gremlin Nob","floor":14,"turns":3},{"damage":35,"enemies":"The Guardian","floor":16,"turns":7}],"seed_played":"5748509990653666181","potions_obtained":[{"floor":1,"key":"Strength Potion"},{"floor":6,"key":"PowerPotion"}],"is_trial":false,"path_per_floor":["M","?","$","M","$","E","$","M","T","M","T","?","M","E","R","B"],"character_chosen":"DEFECT","items_purchased":["Rip and Tear","Streamline"],"campfire_rested":1,"item_purchase_floors":[3,7],"current_hp_per_floor":[64,64,64,64,64,64,64,50,50,38,38,38,27,11,32,0],"gold":224,"neow_bonus":"THREE_ENEMY_KILL","is_prod":false,"is_daily":false,"chose_seed":false,"campfire_upgraded":0,"win_rate":0,"timestamp":1703957156,"path_taken":["M","?","$","?","$","E","?","M","T","M","?","?","?","E","R","BOSS"],"build_version":"2022-12-18","purchased_purges":0,"victory":false,"max_hp_per_floor":[71,71,71,71,71,71,71,71,71,71,71,71,71,71,71,71],"card_choices":[{"not_picked":["Beam Cell","Turbo"],"picked":"White Noise","floor":1},{"not_picked":["Streamline","Barrage"],"picked":"Stack","floor":4},{"not_picked":["Fusion","Barrage","Stack"],"picked":"SKIP","floor":6},{"not_picked":["Reprogram","Redo"],"picked":"Defragment","floor":8},{"not_picked":["Recycle","Turbo","Compile Driver"],"picked":"SKIP","floor":10},{"not_picked":["Rebound","Meteor Strike"],"picked":"Sweeping Beam","floor":13},{"not_picked":["Hyperbeam","Creative AI"],"picked":"Electrodynamics","floor":14},{"not_picked":["Cold Snap","Streamline"],"picked":"Ball Lightning","floor":15}],"player_experience":618472,"relics_obtained":[{"floor":6,"key":"Bag of Marbles"},{"floor":9,"key":"Dream Catcher"},{"floor":11,"key":"Blood Vial"},{"floor":14,"key":"DataDisk"}],"event_choices":[{"cards_removed":["Defend_B"],"damage_healed":0,"gold_gain":0,"player_choice":"Offered Basic","damage_taken":0,"max_hp_gain":0,"max_hp_loss":0,"event_name":"Bonfire Elementals","floor":2,"gold_loss":0},{"damage_healed":0,"gold_gain":0,"player_choice":"Forge","damage_taken":0,"max_hp_gain":0,"max_hp_loss":0,"event_name":"Accursed Blacksmith","floor":12,"gold_loss":0,"cards_upgraded":["Rip and Tear"]}],"is_beta":false,"boss_relics":[],"items_purged_floors":[],"is_endless":false,"potions_floor_spawned":[1,6,8],"killed_by":"The Guardian","ascension_level":17}