{"gold_per_floor":[19,38,38,38,53,53,78,78,78,97,121,121,137,155,155,244,244,268,283,32,55,55,55,89,89,168,168,168,168,186,210,210,210],"floor_reached":33,"playtime":1104,"items_purged":[],"score":512,"play_id":"c169dc11-8aa8-4aa2-9685-7ea2c5a02690","local_time":"20231227182131","is_ascension_mode":true,"campfire_choices":[{"floor":6,"key":"REST"},{"floor":12,"key":"REST"},{"data":"Buffer","floor":15,"key":"SMITH"},{"floor":23,"key":"DIG"},{"floor":29,"key":"DIG"},{"floor":32,"key":"DIG"}],"neow_cost":"NO_GOLD","seed_source_timestamp":83789873378500,"circlet_count":0,"master_deck":["AscendersBane","Strike_B","Strike_B","Defend_B","Defend_B","Defend_B","Zap","Dualcast","Streamline","Gash","Rip and Tear","FTL","Buffer+1","Reboot","Steam Power+1","Leap+1","Aggregate+1","Gash","FTL","Rebound+1","Beam Cell","Writhe","Go for the Eyes"],"relics":["Cracked Core","CaptainsWheel","Golden Idol","Shovel","Singing Bowl","Astrolabe","Orrery","Incense Burner","Blood Vial","The Courier","Thread and Needle","Potion Belt","Bottled Flame"],"potions_floor_usage":[13,16,24,25,30,33,33],"damage_taken":[{"damage":2,"enemies":"Jaw Worm","floor":1,"turns":4},{"damage":1,"enemies":"2 Louse","floor":2,"turns":3},{"damage":0,"enemies":"Small Slimes","floor":5,"turns":2},{"damage":2,"enemies":"2 Fungi Beasts","floor":7,"turns":3},{"damage":0,"enemies":"Large Slime","floor":10,"turns":4},{"damage":1,"enemies":"Looter","floor":11,"turns":2},{"damage":4,"enemies":"3 Louse","floor":13,"turns":3},{"damage":0,"enemies":"2 Fungi Beasts","floor":14,"turns":3},{"damage":33,"enemies":"The Guardian","floor":16,"turns":10},{"damage":10,"enemies":"3 Byrds","floor":18,"turns":5},{"damage":0,"enemies":"Chosen","floor":19,"turns":4},{"damage":0,"enemies":"Snecko","floor":21,"turns":6},{"damage":44,"enemies":"Slavers","floor":24,"turns":6},{"damage":0,"enemies":"Centurion and Healer","floor":25,"turns":1},{"damage":3,"enemies":"3 Cultists","floor":30,"turns":5},{"damage":2,"enemies":"Snecko","floor":31,"turns":5},{"damage":45,"enemies":"Collector","floor":33,"turns":8}],"seed_played":"6824118922902351741","potions_obtained":[{"floor":1,"key":"SpeedPotion"},{"floor":7,"key":"EssenceOfDarkness"},{"floor":14,"key":"SmokeBomb"},{"floor":18,"key":"Fire Potion"},{"floor":24,"key":"Fire Potion"},{"floor":30,"key":"LiquidMemories"},{"floor":31,"key":"BlessingOfTheForge"}],"is_trial":false,"path_per_floor":["M","M","?","?","M","R","M","?","T","M","M","R","M","M","R","B",null,"M","M","$","M","?","R","E","M","T","?","?","R","M","M","R","B"],"character_chosen":"DEFECT","items_purchased":["FTL","Orrery"],"campfire_rested":2,"item_purchase_floors":[20,20],"current_hp_per_floor":[62,61,37,2,2,23,21,21,21,23,22,43,41,43,43,10,60,52,52,60,62,80,80,36,38,38,38,38,38,39,39,39,0],"gold":210,"neow_bonus":"ONE_RARE_RELIC","is_prod":false,"is_daily":false,"chose_seed":false,"campfire_upgraded":1,"win_rate":0,"timestamp":1703694091,"path_taken":["M","M","?","?","M","R","M","?","T","M","M","R","M","M","R","BOSS","M","M","$","M","?","R","E","M","T","?","?","R","M","M","R","BOSS"],"build_version":"2022-12-18","purchased_purges":0,"victory":false,"max_hp_per_floor":[71,71,71,71,71,71,71,71,71,73,73,73,75,77,77,77,77,79,79,87,89,89,89,89,89,89,89,89,89,91,91,91,91],"card_choices":[{"not_picked":["Undo","Redo"],"picked":"Streamline","floor":1},{"not_picked":["Streamline","Lockon"],"picked":"Gash","floor":2},{"not_picked":["BootSequence","Leap"],"picked":"Rip and Tear","floor":5},{"not_picked":["Ball Lightning","Sweeping Beam"],"picked":"FTL","floor":7},{"not_picked":["Coolheaded","Glacier","Consume"],"picked":"Singing Bowl","floor":10},{"not_picked":["Barrage","Conserve Battery"],"picked":"Buffer","floor":11},{"not_picked":["Melter","FTL","Steam"],"picked":"Singing Bowl","floor":13},{"not_picked":["Chaos","Tempest","Redo"],"picked":"Singing Bowl","floor":14},{"not_picked":["Rainbow","Echo Form"],"picked":"Reboot","floor":16},{"not_picked":["Blizzard","Force Field","Redo"],"picked":"Singing Bowl","floor":18},{"not_picked":["Conserve Battery","Redo"],"picked":"Gash","floor":19},{"not_picked":["Consume","Electrodynamics","Hologram"],"picked":"Singing Bowl","floor":20},{"not_picked":["Reprogram","Biased Cognition"],"picked":"Rebound+1","floor":20},{"not_picked":["Steam Power+1","Hologram","Double Energy"],"picked":"Singing Bowl","floor":20},{"not_picked":["Genetic Algorithm","Chaos","Hologram+1"],"picked":"Singing Bowl","floor":20},{"not_picked":["Redo","Tempest+1","Buffer"],"picked":"Singing Bowl","floor":20},{"not_picked":["Sweeping Beam","Auto Shields","Leap"],"picked":"Singing Bowl","floor":21},{"not_picked":["Rainbow","Conserve Battery+1"],"picked":"Beam Cell","floor":24},{"not_picked":["BootSequence+1","Loop","Steam"],"picked":"Singing Bowl","floor":30},{"not_picked":["Barrage","Coolheaded"],"picked":"Go for the Eyes","floor":31}],"player_experience":594810,"relics_obtained":[{"floor":9,"key":"Singing Bowl"},{"floor":23,"key":"Incense Burner"},{"floor":24,"key":"Blood Vial"},{"floor":26,"key":"The Courier"},{"floor":29,"key":"Potion Belt"},{"floor":32,"key":"Bottled Flame"}],"event_choices":[{"damage_healed":0,"gold_gain":0,"player_choice":"Take Damage","damage_taken":24,"relics_obtained":["Golden Idol"],"max_hp_gain":0,"max_hp_loss":0,"event_name":"Golden Idol","floor":3,"gold_loss":0},{"damage_healed":0,"gold_gain":0,"player_choice":"Success","damage_taken":35,"relics_obtained":["Shovel"],"max_hp_gain":0,"max_hp_loss":0,"event_name":"Scrap Ooze","floor":4,"gold_loss":0},{"damage_healed":0,"gold_gain":0,"player_choice":"Ignored","damage_taken":0,"max_hp_gain":0,"max_hp_loss":0,"event_name":"Liars Game","floor":8,"gold_loss":0},{"damage_healed":18,"gold_gain":0,"player_choice":"Heal","damage_taken":0,"max_hp_gain":0,"max_hp_loss":0,"event_name":"The Library","floor":22,"gold_loss":0},{"damage_healed":0,"gold_gain":0,"player_choice":"Ignored","damage_taken":0,"max_hp_gain":0,"max_hp_loss":0,"event_name":"Ghosts","floor":27,"gold_loss":0},{"damage_healed":0,"gold_gain":0,"player_choice":"Opened","damage_taken":0,"relics_obtained":["Thread and Needle"],"max_hp_gain":0,"max_hp_loss":0,"event_name":"The Mausoleum","floor":28,"gold_loss":0,"cards_obtained":["Writhe"]}],"is_beta":false,"boss_relics":[{"not_picked":["Empty Cage","Runic Dome"],"picked":"Astrolabe"}],"items_purged_floors":[],"is_endless":false,"potions_floor_spawned":[1,7,10,11,14,18,24,25,30,31],"killed_by":"Collector","ascension_level":17}