{"gold_per_floor":[368,333,333,333,98,98,123,134,134,165,211,243,255,40,40,112,162,175,175,189,34,34],"floor_reached":22,"playtime":677,"items_purged":["Strike_B"],"score":369,"play_id":"06c5f453-9c07-4b5c-b183-8b688b4e9b6c","local_time":"20231224134045","is_ascension_mode":true,"campfire_choices":[{"data":"Hyperbeam","floor":6,"key":"SMITH"},{"floor":13,"key":"REST"},{"data":"Fission","floor":15,"key":"SMITH"}],"neow_cost":"PERCENT_DAMAGE","seed_source_timestamp":68681213837100,"circlet_count":0,"master_deck":["AscendersBane","Strike_B","Strike_B","Strike_B","Defend_B","Defend_B","Defend_B","Defend_B","Zap","Dualcast","Hyperbeam+1","Gash","White Noise+1","Fission+1","Machine Learning","Gash","All For One"],"relics":["Cracked Core","Sling","Singing Bowl","MawBank","Ancient Tea Set","Tiny House","Mummified Hand","Tiny Chest"],"potions_floor_usage":[12,16,18],"damage_taken":[{"damage":5,"enemies":"Small Slimes","floor":1,"turns":4},{"damage":25,"enemies":"Lagavulin","floor":7,"turns":6},{"damage":0,"enemies":"2 Louse","floor":8,"turns":2},{"damage":2,"enemies":"Jaw Worm","floor":10,"turns":2},{"damage":0,"enemies":"3 Sentries","floor":11,"turns":2},{"damage":8,"enemies":"Blue Slaver","floor":12,"turns":2},{"damage":47,"enemies":"The Guardian","floor":16,"turns":13},{"damage":33,"enemies":"Chosen","floor":18,"turns":6},{"damage":23,"enemies":"2 Thieves","floor":20,"turns":4},{"damage":25,"enemies":"Centurion and Healer","floor":22,"turns":3}],"seed_played":"8994246953643838275","potions_obtained":[{"floor":8,"key":"SpeedPotion"},{"floor":11,"key":"Explosive Potion"},{"floor":17,"key":"GamblersBrew"}],"is_trial":false,"path_per_floor":["M","?","?","?","$","R","E","M","T","M","E","M","R","$","R","B",null,"M","?","M","$","M"],"character_chosen":"DEFECT","items_purchased":["Sling","Hyperbeam","Fission","Tiny Chest"],"campfire_rested":1,"item_purchase_floors":[5,5,14,21],"current_hp_per_floor":[41,58,63,63,63,63,38,40,40,40,40,34,58,58,58,11,69,38,38,15,15,0],"gold":34,"neow_bonus":"TWO_FIFTY_GOLD","is_prod":false,"is_daily":false,"chose_seed":false,"campfire_upgraded":2,"win_rate":0,"timestamp":1703418045,"path_taken":["M","?","?","?","?","R","E","M","T","M","E","M","R","$","R","BOSS","M","?","M","$","M"],"build_version":"2022-12-18","purchased_purges":1,"victory":false,"max_hp_per_floor":[71,71,76,76,76,76,76,78,78,80,80,82,82,82,82,82,87,89,89,89,89,89],"card_choices":[{"not_picked":["Steam","Coolheaded"],"picked":"Gash","floor":1},{"not_picked":["Coolheaded","Cold Snap"],"picked":"Gash","floor":7},{"not_picked":["Redo","Stack","Streamline"],"picked":"Singing Bowl","floor":8},{"not_picked":["Compile Driver","Hello World","Leap"],"picked":"Singing Bowl","floor":10},{"not_picked":["Leap","Go for the Eyes"],"picked":"White Noise","floor":11},{"not_picked":["Barrage","Go for the Eyes","Streamline"],"picked":"Singing Bowl","floor":12},{"not_picked":["Thunder Strike","Biased Cognition"],"picked":"Machine Learning","floor":16},{"not_picked":["Streamline","Sweeping Beam"],"picked":"Gash","floor":17},{"not_picked":["Barrage","Steam+1","Fusion"],"picked":"Singing Bowl","floor":18},{"not_picked":["Steam","Storm"],"picked":"All For One","floor":20}],"player_experience":580500,"relics_obtained":[{"floor":7,"key":"Singing Bowl"},{"floor":9,"key":"MawBank"},{"floor":11,"key":"Ancient Tea Set"}],"event_choices":[{"damage_healed":17,"gold_gain":0,"player_choice":"Healed","damage_taken":0,"max_hp_gain":0,"max_hp_loss":0,"event_name":"The Cleric","floor":2,"gold_loss":35},{"damage_healed":0,"gold_gain":0,"player_choice":"Donut","damage_taken":0,"max_hp_gain":5,"max_hp_loss":0,"event_name":"Big Fish","floor":3,"gold_loss":0},{"damage_healed":0,"gold_gain":0,"player_choice":"Ignored","damage_taken":0,"max_hp_gain":0,"max_hp_loss":0,"event_name":"Liars Game","floor":4,"gold_loss":0},{"cards_removed":["Gash"],"damage_healed":0,"gold_gain":0,"player_choice":"Gave Card","damage_taken":0,"relics_obtained":["Mummified Hand"],"max_hp_gain":0,"max_hp_loss":0,"event_name":"WeMeetAgain","floor":19,"gold_loss":0}],"is_beta":false,"boss_relics":[{"not_picked":["Ectoplasm","Sozu"],"picked":"Tiny House"}],"items_purged_floors":[14],"is_endless":false,"potions_floor_spawned":[8,11],"killed_by":"Centurion and Healer","ascension_level":14}