{"gold_per_floor":[115,132,144,109,109,109,143,143,143,161,161,180,12,12],"floor_reached":14,"playtime":340,"items_purged":[],"score":167,"play_id":"d0aeb03c-c517-4eee-9a36-2fd2347a1728","local_time":"20231230171219","is_ascension_mode":true,"campfire_choices":[{"data":"Lockon","floor":6,"key":"SMITH"},{"data":"Static Discharge","floor":11,"key":"SMITH"}],"neow_cost":"NONE","seed_source_timestamp":15041635817100,"circlet_count":0,"master_deck":["AscendersBane","Strike_B","Strike_B","Strike_B+1","Strike_B+1","Defend_B","Defend_B","Defend_B","Defend_B","Zap","Dualcast","Sweeping Beam","Lockon+1","Static Discharge+1","Steam Power","Reprogram"],"relics":["Velvet Choker","Dream Catcher","Matryoshka","Omamori"],"potions_floor_usage":[7],"damage_taken":[{"damage":2,"enemies":"Cultist","floor":1,"turns":4},{"damage":2,"enemies":"Jaw Worm","floor":2,"turns":4},{"damage":3,"enemies":"Small Slimes","floor":3,"turns":4},{"damage":5,"enemies":"Lagavulin","floor":7,"turns":4},{"damage":27,"enemies":"Gremlin Gang","floor":10,"turns":3},{"damage":9,"enemies":"Exordium Thugs","floor":12,"turns":4},{"damage":40,"enemies":"Gremlin Nob","floor":14,"turns":3}],"seed_played":"-2083342731750821546","potions_obtained":[{"floor":2,"key":"FearPotion"},{"floor":7,"key":"Swift Potion"}],"is_trial":false,"path_per_floor":["M","M","M","?","?","R","E","?","T","M","R","M","$","E"],"character_chosen":"DEFECT","items_purchased":["Omamori"],"campfire_rested":0,"item_purchase_floors":[13],"current_hp_per_floor":[62,60,57,71,50,50,45,50,50,23,23,14,14,0],"gold":12,"neow_bonus":"BOSS_RELIC","is_prod":false,"is_daily":false,"chose_seed":false,"campfire_upgraded":2,"win_rate":0,"timestamp":1703949139,"path_taken":["M","M","M","?","?","R","E","?","T","M","R","?","$","E"],"build_version":"2022-12-18","purchased_purges":0,"victory":false,"max_hp_per_floor":[71,71,71,71,71,71,71,71,71,71,71,71,71,71],"card_choices":[{"not_picked":["Rebound","Redo"],"picked":"Sweeping Beam","floor":1},{"not_picked":["Undo","Recycle"],"picked":"Gash","floor":2},{"not_picked":["Hologram","Streamline"],"picked":"Lockon","floor":3},{"not_picked":["Conserve Battery","Streamline"],"picked":"Static Discharge","floor":7},{"not_picked":["Rebound","Gash"],"picked":"Steam Power","floor":10},{"not_picked":["Consume","Redo"],"picked":"Reprogram","floor":12}],"player_experience":616107,"relics_obtained":[{"floor":7,"key":"Dream Catcher"},{"floor":9,"key":"Matryoshka"}],"event_choices":[{"damage_healed":17,"gold_gain":0,"player_choice":"Healed","damage_taken":0,"max_hp_gain":0,"max_hp_loss":0,"event_name":"The Cleric","floor":4,"gold_loss":35},{"damage_healed":0,"gold_gain":0,"player_choice":"Entered Light","damage_taken":21,"max_hp_gain":0,"max_hp_loss":0,"event_name":"Shining Light","floor":5,"gold_loss":0,"cards_upgraded":["Strike_B","Strike_B"]},{"cards_removed":["Gash"],"damage_healed":5,"gold_gain":0,"player_choice":"Offered Common","damage_taken":0,"max_hp_gain":0,"max_hp_loss":0,"event_name":"Bonfire Elementals","floor":8,"gold_loss":0},{"cards_removed":["Gash"],"damage_healed":5,"gold_gain":0,"player_choice":"Offered Special","damage_taken":0,"max_hp_gain":0,"max_hp_loss":0,"event_name":"Bonfire Elementals","floor":8,"gold_loss":0}],"is_beta":false,"boss_relics":[],"items_purged_floors":[],"is_endless":false,"potions_floor_spawned":[2,7],"killed_by":"Gremlin Nob","ascension_level":17}