{"gold_per_floor":[15,15,15,29,45,45,70,70],"floor_reached":8,"playtime":199,"items_purged":[],"score":89,"play_id":"4e94a1ea-a450-4acf-b274-160dbc93a92d","local_time":"20231227214157","is_ascension_mode":true,"campfire_choices":[{"data":"Self Repair","floor":6,"key":"SMITH"}],"neow_cost":"NO_GOLD","seed_source_timestamp":11170676614800,"circlet_count":0,"master_deck":["AscendersBane","Strike_B","Strike_B","Strike_B","Strike_B","Defend_B","Defend_B","Defend_B","Defend_B","Zap","Dualcast","Violence","Self Repair+1","Steam","Skim","Storm"],"relics":["Cracked Core","Golden Idol","Art of War"],"potions_floor_usage":[8],"damage_taken":[{"damage":7,"enemies":"Small Slimes","floor":1,"turns":3},{"damage":9,"enemies":"Jaw Worm","floor":4,"turns":4},{"damage":4,"enemies":"2 Louse","floor":5,"turns":3},{"damage":12,"enemies":"2 Fungi Beasts","floor":7,"turns":4},{"damage":18,"enemies":"Red Slaver","floor":8,"turns":3}],"seed_played":"-7256500553367689537","potions_obtained":[{"floor":4,"key":"LiquidBronze"},{"floor":7,"key":"EssenceOfDarkness"}],"is_trial":false,"path_per_floor":["M","?","?","M","M","R","M","M"],"character_chosen":"DEFECT","items_purchased":[],"campfire_rested":0,"item_purchase_floors":[],"current_hp_per_floor":[57,33,15,13,16,16,14,0],"gold":70,"neow_bonus":"RANDOM_COLORLESS_2","is_prod":false,"is_daily":false,"chose_seed":false,"campfire_upgraded":1,"win_rate":0,"timestamp":1703706117,"path_taken":["M","?","?","M","M","R","M","M"],"build_version":"2022-12-18","purchased_purges":0,"victory":false,"max_hp_per_floor":[71,71,71,71,71,71,71,71],"card_choices":[{"not_picked":["Thinking Ahead","Secret Technique"],"picked":"Violence","floor":0},{"not_picked":["Streamline","Chill"],"picked":"Self Repair","floor":1},{"not_picked":["Stack","Go for the Eyes"],"picked":"Steam","floor":4},{"not_picked":["Turbo","Chaos"],"picked":"Skim","floor":5},{"not_picked":["Loop","Hyperbeam"],"picked":"Storm","floor":7}],"player_experience":596765,"relics_obtained":[],"event_choices":[{"damage_healed":0,"gold_gain":0,"player_choice":"Take Damage","damage_taken":24,"relics_obtained":["Golden Idol"],"max_hp_gain":0,"max_hp_loss":0,"event_name":"Golden Idol","floor":2,"gold_loss":0},{"damage_healed":0,"gold_gain":0,"player_choice":"Success","damage_taken":18,"relics_obtained":["Art of War"],"max_hp_gain":0,"max_hp_loss":0,"event_name":"Scrap Ooze","floor":3,"gold_loss":0}],"is_beta":false,"boss_relics":[],"items_purged_floors":[],"is_endless":false,"potions_floor_spawned":[4,7],"killed_by":"Red Slaver","ascension_level":17}