{"gold_per_floor":[363,363,377,249,260,260,273,306,360,386,399,419,97,115,115,191,191,211,211,227,237,66,66],"floor_reached":23,"playtime":851,"items_purged":["Clumsy"],"score":379,"play_id":"e168df46-4c82-4468-a31c-85a83707da08","local_time":"20231227213831","is_ascension_mode":true,"campfire_choices":[{"data":"Streamline","floor":6,"key":"SMITH"},{"floor":15,"key":"REST"}],"neow_cost":"CURSE","seed_source_timestamp":10286195750300,"circlet_count":0,"master_deck":["AscendersBane","Strike_B","Strike_B","Strike_B","Strike_B","Defend_B","Defend_B","Defend_B","Defend_B","Zap","Dualcast","Go for the Eyes","Streamline+1","Ball Lightning","Reinforced Body","White Noise","Chaos","Compile Driver","Creative AI","Ball Lightning","Thunder Strike","Force Field","Reinforced Body","Defragment"],"special_seed":0,"relics":["Cracked Core","Letter Opener","MealTicket","Orichalcum","Bronze Scales","Inserter","Enchiridion","Chemical X"],"potions_floor_usage":[7,8,10,11,18,23,23],"damage_taken":[{"damage":2.0,"enemies":"Jaw Worm","floor":1.0,"turns":3.0},{"damage":8,"enemies":"2 Louse","floor":3,"turns":2},{"damage":1,"enemies":"Cultist","floor":5,"turns":3},{"damage":10,"enemies":"Lots of Slimes","floor":7,"turns":3},{"damage":16,"enemies":"Gremlin Nob","floor":8,"turns":3},{"damage":20,"enemies":"Lagavulin","floor":10,"turns":4},{"damage":5,"enemies":"3 Louse","floor":11,"turns":3},{"damage":5,"enemies":"2 Fungi Beasts","floor":12,"turns":3},{"damage":13,"enemies":"Red Slaver","floor":14,"turns":4},{"damage":19,"enemies":"Hexaghost","floor":16,"turns":9},{"damage":16,"enemies":"Spheric Guardian","floor":18,"turns":5},{"damage":3,"enemies":"Chosen","floor":20,"turns":5},{"damage":12,"enemies":"Centurion and Healer","floor":21,"turns":7},{"damage":26,"enemies":"Slavers","floor":23,"turns":2}],"seed_played":"-1173799996893310511","potions_obtained":[{"floor":3,"key":"Block Potion"},{"floor":5,"key":"FocusPotion"},{"floor":7,"key":"Strength Potion"},{"floor":10,"key":"Swift Potion"},{"floor":16,"key":"DuplicationPotion"},{"floor":20,"key":"BlessingOfTheForge"},{"floor":21,"key":"Swift Potion"}],"is_trial":false,"path_per_floor":["M","?","M","$","M","R","M","E","T","E","M","M","$","M","R","B",null,"M","?","M","M","$","E"],"character_chosen":"DEFECT","items_purchased":["Ball Lightning","Bronze Scales","Creative AI","Chemical X"],"campfire_rested":1,"item_purchase_floors":[4,13,13,22],"current_hp_per_floor":[62,67,59,59,58,58,48,32,32,12,7,2,17,4,26,7,59,43,22,19,7,22,0],"gold":66,"neow_bonus":"TWO_FIFTY_GOLD","is_prod":false,"is_daily":false,"chose_seed":false,"campfire_upgraded":1,"win_rate":0,"timestamp":1703705911,"path_taken":["M","?","M","$","M","R","M","E","T","E","M","M","$","M","R","BOSS","M","?","M","M","$","E"],"build_version":"2022-12-18","purchased_purges":1,"victory":false,"max_hp_per_floor":[71,76,76,76,76,76,76,76,76,76,76,76,76,76,76,76,76,76,76,76,76,76,76],"card_choices":[{"not_picked":["Coolheaded","Rebound"],"picked":"Go for the Eyes","floor":1.0},{"not_picked":["Leap","Ball Lightning"],"picked":"Streamline","floor":3},{"not_picked":["Turbo","Compile Driver","Beam Cell"],"picked":"SKIP","floor":5},{"not_picked":["Storm","Auto Shields"],"picked":"Reinforced Body","floor":7},{"not_picked":["Force Field","Coolheaded"],"picked":"White Noise","floor":8},{"not_picked":["Fusion","Aggregate"],"picked":"Chaos","floor":10},{"not_picked":["Ball Lightning","Beam Cell","Storm"],"picked":"SKIP","floor":11},{"not_picked":["Conserve Battery","Hologram"],"picked":"Compile Driver","floor":12},{"not_picked":["Lockon","Go for the Eyes"],"picked":"Ball Lightning","floor":14},{"not_picked":["Hyperbeam","Biased Cognition"],"picked":"Thunder Strike","floor":16},{"not_picked":["Go for the Eyes","Undo"],"picked":"Force Field","floor":18},{"not_picked":["Redo","Blizzard"],"picked":"Reinforced Body","floor":20},{"not_picked":["Conserve Battery","Go for the Eyes"],"picked":"Defragment","floor":21}],"player_experience":595914,"relics_obtained":[{"floor":8,"key":"Letter Opener"},{"floor":9,"key":"MealTicket"},{"floor":10,"key":"Orichalcum"},{"floor":19,"key":"Enchiridion"}],"event_choices":[{"damage_healed":0.0,"max_hp_gain":5.0,"max_hp_loss":0.0,"gold_gain":0.0,"event_name":"Big Fish","player_choice":"Donut","floor":2.0,"gold_loss":0.0,"damage_taken":0.0},{"damage_healed":0,"gold_gain":0,"player_choice":"Obtained Book","damage_taken":21,"max_hp_gain":0,"max_hp_loss":0,"event_name":"Cursed Tome","floor":19,"gold_loss":0}],"is_beta":false,"boss_relics":[{"not_picked":["Ectoplasm","Pandora\u0027s Box"],"picked":"Inserter"}],"items_purged_floors":[4],"is_endless":false,"potions_floor_spawned":[3,5,7,10,16,20,21],"killed_by":"Slavers","ascension_level":17}