{"gold_per_floor":[116,12,12,12,12,56,56,79,79,113,131,150,150,186,186,275,275,295,295,320,320,235,235,235,235,282,311,65,85,96,168,168,247,247,263,263,281,281,292,292,9,9,9,9,9,22,22,40,40,40],"floor_reached":50,"playtime":1391,"items_purged":["Strike_B"],"score":1052,"play_id":"0e11ef39-fd5c-4b69-bae6-60bedb0c0636","local_time":"20231230173605","is_ascension_mode":true,"campfire_choices":[{"floor":7.0,"key":"REST"},{"data":"Scrape","floor":13.0,"key":"SMITH"},{"data":"Sunder","floor":15.0,"key":"SMITH"},{"floor":23.0,"key":"REST"},{"data":"Hyperbeam","floor":25.0,"key":"SMITH"},{"floor":32.0,"key":"REST"},{"floor":40.0,"key":"REST"},{"floor":42.0,"key":"REST"},{"data":"Sunder","floor":45.0,"key":"SMITH"},{"floor":49,"key":"REST"}],"neow_cost":"NONE","seed_source_timestamp":15390417757700,"circlet_count":0,"master_deck":["AscendersBane","Strike_B","Strike_B","Strike_B","Defend_B","Defend_B+1","Defend_B","Defend_B","Zap+1","Dualcast","Stack","Beam Cell","Beam Cell","Scrape+1","Sunder+1","Steam+1","Seek+1","Necronomicurse","Zap+1","Hyperbeam+1","Pain","Gash","Sunder+1","Gash","Shame","Reboot+1","Flash of Steel","Hyperbeam+1","Steam+1","Scrape","Self Repair","Regret","Go for the Eyes+1"],"special_seed":0,"relics":["Cracked Core","NeowsBlessing","Bloody Idol","Question Card","White Beast Statue","Toxic Egg 2","Strawberry","Cursed Key","Necronomicon","Bronze Scales","DataDisk","WingedGreaves","Nunchaku","HornCleat","Sozu","Vajra","The Courier"],"potions_floor_usage":[46,50],"damage_taken":[{"damage":0.0,"enemies":"Small Slimes","floor":1.0,"turns":1.0},{"damage":0.0,"enemies":"Lagavulin","floor":6.0,"turns":1.0},{"damage":0.0,"enemies":"Jaw Worm","floor":8.0,"turns":1.0},{"damage":1.0,"enemies":"Gremlin Nob","floor":10.0,"turns":3.0},{"damage":0.0,"enemies":"2 Louse","floor":11.0,"turns":2.0},{"damage":5.0,"enemies":"Gremlin Gang","floor":12.0,"turns":5.0},{"damage":15.0,"enemies":"Lagavulin","floor":14.0,"turns":4.0},{"damage":26.0,"enemies":"The Guardian","floor":16.0,"turns":7.0},{"damage":14.0,"enemies":"3 Byrds","floor":18.0,"turns":4.0},{"damage":10.0,"enemies":"Chosen","floor":20.0,"turns":5.0},{"damage":25.0,"enemies":"Book of Stabbing","floor":27.0,"turns":3.0},{"damage":0.0,"enemies":"Shelled Parasite and Fungi","floor":29.0,"turns":2.0},{"damage":10.0,"enemies":"Chosen and Byrds","floor":30.0,"turns":3.0},{"damage":75.0,"enemies":"Collector","floor":33.0,"turns":7.0},{"damage":14.0,"enemies":"3 Shapes","floor":35.0,"turns":2.0},{"damage":0.0,"enemies":"3 Darklings","floor":37.0,"turns":1.0},{"damage":34.0,"enemies":"4 Shapes","floor":39.0,"turns":2.0},{"damage":38,"enemies":"Writhing Mass","floor":46,"turns":5},{"damage":11,"enemies":"Transient","floor":48,"turns":6},{"damage":86,"enemies":"Awakened One","floor":50,"turns":7}],"seed_played":"8670238992150270975","potions_obtained":[{"floor":6.0,"key":"Dexterity Potion"},{"floor":8.0,"key":"BlessingOfTheForge"},{"floor":10.0,"key":"SpeedPotion"},{"floor":11.0,"key":"Block Potion"},{"floor":12.0,"key":"FocusPotion"},{"floor":14.0,"key":"SpeedPotion"},{"floor":16.0,"key":"DistilledChaos"},{"floor":18.0,"key":"Regen Potion"},{"floor":20.0,"key":"Fire Potion"},{"floor":27.0,"key":"SpeedPotion"},{"floor":30.0,"key":"Swift Potion"},{"floor":33.0,"key":"FearPotion"}],"is_trial":false,"path_per_floor":["M","$","?","?","?","E","R","M","T","E","M","M","R","E","R","B",null,"M","?","M","?","?","R","?","R","T","E","$","M","M","T","R","B",null,"M","?","M","?","M","R","$","R","T","$","R","M","$","M","R","B"],"character_chosen":"DEFECT","items_purchased":["Beam Cell","Regen Potion","Nunchaku","Vajra","Scrape","Self Repair"],"campfire_rested":6,"item_purchase_floors":[2,28,28,41,41,41],"current_hp_per_floor":[64,64,40,19,42,42,63,63,63,62,62,57,57,49,49,23,64,50,29,33,33,33,56,56,56,61,41,41,46,50,55,78,8,61,52,52,57,57,28,51,51,74,74,74,74,48,48,49,72,0],"gold":40,"neow_bonus":"THREE_ENEMY_KILL","is_prod":false,"is_daily":false,"chose_seed":false,"campfire_upgraded":4,"win_rate":0,"timestamp":1703950565,"path_taken":["M","$","?","?","?","E","R","M","T","E","M","M","R","E","R","BOSS","M","?","M","?","?","R","?","R","T","E","$","M","?","?","R","BOSS","M","?","M","?","?","R","$","R","T","?","R","?","?","M","R","BOSS"],"build_version":"2022-12-18","purchased_purges":1,"victory":false,"max_hp_per_floor":[71,71,71,71,71,71,71,71,71,71,71,71,71,78,78,78,78,78,78,78,78,78,78,78,78,78,78,78,78,78,78,78,78,78,78,78,78,78,78,78,78,78,78,78,78,78,78,78,78,78],"card_choices":[{"not_picked":["Leap","Redo"],"picked":"Stack","floor":1.0},{"not_picked":["Coolheaded","Stack"],"picked":"Beam Cell","floor":6.0},{"not_picked":["Blizzard","Darkness","Genetic Algorithm"],"picked":"Scrape","floor":8.0},{"not_picked":["Amplify+1","Coolheaded+1","Cold Snap","Compile Driver"],"picked":"SKIP","floor":10.0},{"not_picked":["Darkness+1","Ball Lightning","Sweeping Beam","Static Discharge"],"picked":"SKIP","floor":11.0},{"not_picked":["Compile Driver","Recycle+1","Conserve Battery+1"],"picked":"Sunder","floor":12.0},{"not_picked":["Cold Snap","Barrage","Leap+1"],"picked":"Steam+1","floor":14.0},{"not_picked":["Electrodynamics","Echo Form","Reboot+1"],"picked":"Seek+1","floor":16.0},{"not_picked":["Leap+1","Static Discharge","Conserve Battery+1","Auto Shields+1"],"picked":"SKIP","floor":18.0},{"not_picked":["Beam Cell","Barrage","Biased Cognition","Turbo+1"],"picked":"SKIP","floor":20.0},{"not_picked":["Chill+1","Compile Driver+1","Barrage+1"],"picked":"Gash","floor":27.0},{"not_picked":["Turbo+1","Cold Snap","Hologram+1"],"picked":"Sunder","floor":29.0},{"not_picked":["Rebound","Amplify+1","Loop"],"picked":"Gash","floor":30.0},{"not_picked":["Amplify+1","Buffer","Thunder Strike"],"picked":"Reboot+1","floor":33.0},{"not_picked":["Streamline","Ball Lightning","Coolheaded+1","Sweeping Beam"],"picked":"SKIP","floor":35.0},{"not_picked":["Dark Shackles+1","Metamorphosis+1","Deep Breath+1"],"picked":"Flash of Steel","floor":36.0},{"not_picked":["Coolheaded+1","Undo+1","Rebound","Ball Lightning"],"picked":"SKIP","floor":37.0},{"not_picked":["Blizzard","Melter","Glacier+1"],"picked":"Steam+1","floor":39.0},{"not_picked":["Defragment","Redo+1","Darkness+1"],"picked":"Go for the Eyes+1","floor":46},{"not_picked":["Darkness+1","Streamline","Multi-Cast+1","Conserve Battery+1"],"picked":"SKIP","floor":48}],"player_experience":616447,"relics_obtained":[{"floor":6.0,"key":"Question Card"},{"floor":9.0,"key":"White Beast Statue"},{"floor":10.0,"key":"Toxic Egg 2"},{"floor":14.0,"key":"Strawberry"},{"floor":19.0,"key":"Necronomicon"},{"floor":26.0,"key":"DataDisk"},{"floor":27.0,"key":"WingedGreaves"},{"floor":31.0,"key":"HornCleat"},{"floor":43.0,"key":"The Courier"}],"event_choices":[{"damage_healed":0.0,"max_hp_gain":0.0,"max_hp_loss":0.0,"gold_gain":0.0,"event_name":"Golden Idol","player_choice":"Take Damage","floor":3.0,"gold_loss":0.0,"damage_taken":24.0,"relics_obtained":["Golden Idol"]},{"damage_healed":0.0,"max_hp_gain":0.0,"max_hp_loss":0.0,"gold_gain":0.0,"event_name":"Shining Light","player_choice":"Entered Light","floor":4.0,"gold_loss":0.0,"damage_taken":21.0,"cards_upgraded":["Zap","Defend_B"]},{"damage_healed":23.0,"max_hp_gain":0.0,"max_hp_loss":0.0,"gold_gain":0.0,"event_name":"Big Fish","player_choice":"Banana","floor":5.0,"gold_loss":0.0,"damage_taken":0.0},{"damage_healed":0.0,"max_hp_gain":0.0,"max_hp_loss":0.0,"gold_gain":0.0,"event_name":"Cursed Tome","player_choice":"Obtained Book","floor":19.0,"gold_loss":0.0,"damage_taken":21.0},{"damage_healed":0.0,"max_hp_gain":0.0,"max_hp_loss":0.0,"gold_gain":0.0,"event_name":"Forgotten Altar","player_choice":"Gave Idol","floor":21.0,"relics_lost":["Golden Idol"],"gold_loss":0.0,"damage_taken":0.0,"relics_obtained":["Bloody Idol"]},{"damage_healed":0.0,"max_hp_gain":0.0,"max_hp_loss":0.0,"gold_gain":0.0,"event_name":"Addict","player_choice":"Obtained Relic","floor":22.0,"gold_loss":85.0,"damage_taken":0.0,"relics_obtained":["Bronze Scales"]},{"damage_healed":0.0,"max_hp_gain":0.0,"max_hp_loss":0.0,"gold_gain":0.0,"event_name":"Match and Keep!","player_choice":"2 cards matched","floor":24.0,"gold_loss":0.0,"damage_taken":0.0,"cards_obtained":["Zap","Hyperbeam"]},{"damage_healed":0.0,"max_hp_gain":0.0,"max_hp_loss":0.0,"gold_gain":0.0,"event_name":"SensoryStone","player_choice":"Memory 1","floor":36.0,"gold_loss":0.0,"damage_taken":0.0},{"damage_healed":0.0,"max_hp_gain":0.0,"max_hp_loss":0.0,"gold_gain":0.0,"event_name":"Duplicator","player_choice":"Copied","floor":38.0,"gold_loss":0.0,"damage_taken":0.0,"cards_obtained":["Hyperbeam"]}],"is_beta":false,"boss_relics":[{"not_picked":["Runic Pyramid","Black Star"],"picked":"Cursed Key"},{"not_picked":["Empty Cage","FrozenCore"],"picked":"Sozu"}],"items_purged_floors":[2],"is_endless":false,"potions_floor_spawned":[6,8,10,11,12,14,16,18,20,27,29,30,33,35,37,39,46,48],"killed_by":"Awakened One","ascension_level":17}