{"gold_per_floor":[10,22,42,60,60,92,92,103,103,103,132,158,175,8,8,87,87,103,153,68,68,94,128,128,128,209,221,50,65,65,65,65,144,144,157,0,14,30,43,43,43,53,79,79,79,91,91,104,104,104],"floor_reached":50,"playtime":1902,"items_purged":[],"score":877,"play_id":"f2325dcf-a909-4d90-977e-cfb053d7bc88","local_time":"20231230015515","is_ascension_mode":true,"campfire_choices":[{"data":"Apotheosis","floor":7,"key":"SMITH"},{"floor":10,"key":"REST"},{"floor":15,"key":"RECALL"},{"floor":25,"key":"REST"},{"floor":30,"key":"REST"},{"floor":32,"key":"REST"},{"floor":40,"key":"REST"},{"floor":44,"key":"REST"},{"floor":47,"key":"REST"},{"floor":49,"key":"REST"}],"neow_cost":"NO_GOLD","seed_source_timestamp":177009134874800,"circlet_count":0,"master_deck":["AscendersBane","Strike_B","Strike_B","Defend_B","Defend_B","Zap","Dualcast","Apotheosis+1","Gash","Self Repair","Beam Cell","Sweeping Beam","Scrape","Reboot","Go for the Eyes+1","Core Surge","Gash+1","Steam Power+1","Stack+1","Chaos+1","FTL+1","Scrape+1","Gash+1","Parasite"],"relics":["Cracked Core","Nunchaku","Kunai","Matryoshka","Juzu Bracelet","Tiny Chest","Anchor","Fusion Hammer","Potion Belt","Akabeko","Pen Nib","Molten Egg 2","Cauldron","Astrolabe","Red Mask","Happy Flower","Gremlin Horn"],"potions_floor_usage":[3,6,13,16,16,23,31,33,33,38,50],"damage_taken":[{"damage":2,"enemies":"Cultist","floor":1,"turns":4},{"damage":2,"enemies":"Jaw Worm","floor":2,"turns":3},{"damage":6,"enemies":"2 Louse","floor":3,"turns":2},{"damage":21,"enemies":"Exordium Thugs","floor":4,"turns":6},{"damage":8,"enemies":"Lagavulin","floor":6,"turns":6},{"damage":13,"enemies":"Blue Slaver","floor":8,"turns":4},{"damage":2,"enemies":"Gremlin Nob","floor":11,"turns":3},{"damage":0,"enemies":"Looter","floor":13,"turns":1},{"damage":22,"enemies":"The Guardian","floor":16,"turns":9},{"damage":14,"enemies":"Chosen","floor":18,"turns":4},{"damage":40,"enemies":"Gremlin Leader","floor":23,"turns":8},{"damage":0,"enemies":"2 Thieves","floor":27,"turns":2},{"damage":2,"enemies":"Centurion and Healer","floor":29,"turns":4},{"damage":0,"enemies":"Snake Plant","floor":31,"turns":1},{"damage":34,"enemies":"Champ","floor":33,"turns":6},{"damage":0,"enemies":"Orb Walker","floor":35,"turns":2},{"damage":0,"enemies":"3 Darklings","floor":37,"turns":3},{"damage":6,"enemies":"Maw","floor":38,"turns":6},{"damage":11,"enemies":"4 Shapes","floor":39,"turns":9},{"damage":37,"enemies":"Spire Growth","floor":42,"turns":3},{"damage":23,"enemies":"Writhing Mass","floor":46,"turns":5},{"damage":19,"enemies":"3 Darklings","floor":48,"turns":3},{"damage":71,"enemies":"Time Eater","floor":50,"turns":6}],"seed_played":"5007040174497240378","potions_obtained":[{"floor":2,"key":"BlessingOfTheForge"},{"floor":5,"key":"FearPotion"},{"floor":5,"key":"LiquidMemories"},{"floor":6,"key":"BlessingOfTheForge"},{"floor":11,"key":"Fire Potion"},{"floor":13,"key":"DuplicationPotion"},{"floor":18,"key":"Block Potion"},{"floor":27,"key":"PotionOfCapacity"},{"floor":28,"key":"Strength Potion"},{"floor":28,"key":"SmokeBomb"},{"floor":28,"key":"Swift Potion"},{"floor":28,"key":"Strength Potion"},{"floor":46,"key":"EssenceOfSteel"}],"is_trial":false,"path_per_floor":["M","M","M","M","?","E","R","M","T","R","E","T","M","$","R","B",null,"M","?","?","$","T","E","?","R","T","M","$","M","R","M","R","B",null,"M","?","M","M","M","R","?","M","T","R","T","M","R","M","R","B"],"character_chosen":"DEFECT","items_purchased":["Anchor","Cauldron"],"campfire_rested":8,"item_purchase_floors":[14,28],"current_hp_per_floor":[62,60,64,53,53,55,55,49,49,70,71,71,71,71,71,59,68,61,61,61,61,61,21,21,42,42,42,42,50,71,71,71,47,65,65,65,71,71,70,71,71,41,41,62,62,39,60,51,71,0],"gold":104,"neow_bonus":"RANDOM_COLORLESS_2","is_prod":false,"is_daily":false,"chose_seed":false,"campfire_upgraded":1,"win_rate":0,"timestamp":1703894115,"path_taken":["M","M","M","M","?","E","R","?","T","R","E","?","M","$","R","BOSS","M","?","?","?","?","E","?","R","T","M","$","M","R","M","R","BOSS","M","?","M","M","M","R","?","M","T","R","?","M","R","M","R","BOSS"],"build_version":"2022-12-18","purchased_purges":0,"victory":false,"max_hp_per_floor":[71,71,71,71,71,71,71,71,71,71,71,71,71,71,71,71,71,71,71,71,71,71,71,71,71,71,71,71,71,71,71,71,71,71,71,71,71,71,71,71,71,71,71,71,71,71,71,71,71,71],"card_choices":[{"not_picked":["Violence","Sadistic Nature"],"picked":"Apotheosis","floor":0},{"not_picked":["Capacitor","Steam"],"picked":"Gash","floor":1},{"not_picked":["Hello World","Hologram"],"picked":"Self Repair","floor":2},{"not_picked":["Leap","Capacitor","Barrage"],"picked":"SKIP","floor":3},{"not_picked":["Hello World","Stack","Ball Lightning"],"picked":"SKIP","floor":4},{"not_picked":["Compile Driver","Melter"],"picked":"Beam Cell","floor":6},{"not_picked":["Stack","Barrage"],"picked":"Sweeping Beam","floor":8},{"not_picked":["Blizzard","Coolheaded"],"picked":"Scrape","floor":11},{"not_picked":["Aggregate","Leap","Turbo"],"picked":"SKIP","floor":13},{"not_picked":["Rainbow","Buffer"],"picked":"Reboot","floor":16},{"not_picked":["BootSequence","Barrage"],"picked":"Go for the Eyes+1","floor":18},{"not_picked":["Melter","Conserve Battery"],"picked":"Core Surge","floor":23},{"not_picked":["Self Repair+1","Stack"],"picked":"Gash+1","floor":27},{"not_picked":["Defragment","Ball Lightning+1","Cold Snap+1"],"picked":"SKIP","floor":29},{"not_picked":["Capacitor","Streamline+1"],"picked":"FTL+1","floor":35},{"not_picked":["Loop+1","Cold Snap+1","Darkness"],"picked":"SKIP","floor":37},{"not_picked":["Stack","Beam Cell+1"],"picked":"Scrape+1","floor":38},{"not_picked":["Sunder+1","BootSequence+1","Go for the Eyes+1"],"picked":"SKIP","floor":39},{"not_picked":["Go for the Eyes+1","Streamline+1"],"picked":"Gash+1","floor":42},{"not_picked":["Turbo","Darkness","Defragment"],"picked":"SKIP","floor":46},{"not_picked":["Streamline+1","Leap","Stack"],"picked":"SKIP","floor":48}],"player_experience":609702,"relics_obtained":[{"floor":6,"key":"Nunchaku"},{"floor":9,"key":"Kunai"},{"floor":11,"key":"Matryoshka"},{"floor":12,"key":"Juzu Bracelet"},{"floor":12,"key":"Tiny Chest"},{"floor":22,"key":"Akabeko"},{"floor":23,"key":"Pen Nib"},{"floor":26,"key":"Molten Egg 2"},{"floor":43,"key":"Happy Flower"},{"floor":45,"key":"Gremlin Horn"}],"event_choices":[{"damage_healed":0,"gold_gain":0,"player_choice":"Got Potions","damage_taken":0,"max_hp_gain":0,"max_hp_loss":0,"event_name":"Lab","floor":5,"gold_loss":0},{"damage_healed":0,"gold_gain":50,"player_choice":"Stole From Cult","damage_taken":0,"max_hp_gain":0,"max_hp_loss":0,"event_name":"Nest","floor":19,"gold_loss":0},{"damage_healed":0,"gold_gain":0,"player_choice":"Obtained Relic","damage_taken":0,"relics_obtained":["Potion Belt"],"max_hp_gain":0,"max_hp_loss":0,"event_name":"Addict","floor":20,"gold_loss":85},{"damage_healed":0,"gold_gain":0,"player_choice":"Ignored","damage_taken":0,"max_hp_gain":0,"max_hp_loss":0,"event_name":"Ghosts","floor":24,"gold_loss":0},{"damage_healed":0,"gold_gain":0,"player_choice":"Paid","damage_taken":0,"relics_obtained":["Red Mask"],"max_hp_gain":0,"max_hp_loss":0,"event_name":"Tomb of Lord Red Mask","floor":36,"gold_loss":157},{"cards_removed":["Defend_B"],"damage_healed":0,"gold_gain":0,"player_choice":"Removed Skill","damage_taken":0,"max_hp_gain":0,"max_hp_loss":0,"event_name":"Falling","floor":41,"gold_loss":0}],"is_beta":false,"boss_relics":[{"not_picked":["Runic Dome","Snecko Eye"],"picked":"Fusion Hammer"},{"not_picked":["Cursed Key","Sozu"],"picked":"Astrolabe"}],"items_purged_floors":[],"is_endless":false,"potions_floor_spawned":[2,6,11,13,18,27,29,46],"killed_by":"Time Eater","ascension_level":17}