{"gold_per_floor":[109,109,19,31,31,62,62,93,162,191,201,259,18,36,36,108,108,128,50,100,50,69,69,69,96,96,111,111,121,133,149,149,149],"floor_reached":33,"playtime":1159,"items_purged":["Strike_B"],"score":577,"play_id":"0fd02b83-d1d3-444d-9513-d1b5e1f45d85","local_time":"20231230012315","is_ascension_mode":true,"campfire_choices":[{"data":"Rip and Tear","floor":7.0,"key":"SMITH"},{"data":"Loop","floor":15.0,"key":"SMITH"},{"data":"Skim","floor":24.0,"key":"SMITH"},{"floor":28,"key":"REST"},{"floor":32,"key":"REST"}],"neow_cost":"NONE","seed_source_timestamp":175789519067600,"circlet_count":0,"master_deck":["AscendersBane","Strike_B","Strike_B","Strike_B","Defend_B","Defend_B","Defend_B","Defend_B","Zap","Dualcast","Beam Cell+1","Flash of Steel","Melter","Rip and Tear+1","Loop+1","Sweeping Beam+1","Gash+1","Defragment+1","Seek+1","Capacitor+1","Skim+1","Heatsinks+1","Scrape","Skim"],"special_seed":0,"relics":["Cracked Core","NeowsBlessing","Lantern","Mummified Hand","Sundial","Frozen Egg 2","Question Card","Lee\u0027s Waffle","Nuclear Battery","Whetstone","Bottled Lightning"],"potions_floor_usage":[25,25,27,29],"damage_taken":[{"damage":0.0,"enemies":"Cultist","floor":1.0,"turns":1.0},{"damage":0.0,"enemies":"2 Louse","floor":4.0,"turns":1.0},{"damage":0.0,"enemies":"Lagavulin","floor":6.0,"turns":1.0},{"damage":20.0,"enemies":"3 Sentries","floor":8.0,"turns":6.0},{"damage":20.0,"enemies":"Lagavulin","floor":10.0,"turns":3.0},{"damage":7.0,"enemies":"Small Slimes","floor":11.0,"turns":2.0},{"damage":12.0,"enemies":"Lagavulin Event","floor":12.0,"turns":3.0},{"damage":16.0,"enemies":"3 Louse","floor":14.0,"turns":3.0},{"damage":5.0,"enemies":"The Guardian","floor":16.0,"turns":7.0},{"damage":2.0,"enemies":"Chosen","floor":18.0,"turns":3.0},{"damage":18.0,"enemies":"2 Thieves","floor":22.0,"turns":3.0},{"damage":0.0,"enemies":"Snake Plant","floor":23.0,"turns":2.0},{"damage":44,"enemies":"Slavers","floor":25,"turns":7},{"damage":0,"enemies":"3 Cultists","floor":27,"turns":3},{"damage":11,"enemies":"Cultist and Chosen","floor":29,"turns":4},{"damage":13,"enemies":"Snecko","floor":30,"turns":3},{"damage":0,"enemies":"Sentry and Sphere","floor":31,"turns":2},{"damage":91,"enemies":"Automaton","floor":33,"turns":6}],"seed_played":"-710026818220347374","potions_obtained":[{"floor":4.0,"key":"Swift Potion"},{"floor":6.0,"key":"EssenceOfDarkness"},{"floor":10.0,"key":"Strength Potion"},{"floor":12.0,"key":"Block Potion"},{"floor":16.0,"key":"SmokeBomb"},{"floor":18.0,"key":"EntropicBrew"},{"floor":25,"key":"SpeedPotion"}],"is_trial":false,"path_per_floor":["M","?","$","M","?","E","R","E","T","E","M","?","$","M","R","B",null,"M","$","?","?","M","M","R","E","T","M","R","M","M","M","R","B"],"character_chosen":"DEFECT","items_purchased":["Flash of Steel","Lee\u0027s Waffle","Capacitor+1"],"campfire_rested":2,"item_purchase_floors":[3,13,19],"current_hp_per_floor":[64,64,64,64,69,69,69,49,49,29,22,10,83,67,67,62,78,76,76,76,76,58,58,58,14,14,14,38,27,14,14,38,0],"gold":149,"neow_bonus":"THREE_ENEMY_KILL","is_prod":false,"is_daily":false,"chose_seed":false,"campfire_upgraded":3,"win_rate":0,"timestamp":1703892195,"path_taken":["M","?","$","M","?","E","R","E","T","E","M","?","$","M","R","BOSS","M","$","?","?","M","M","R","E","T","M","R","?","?","M","R","BOSS"],"build_version":"2022-12-18","purchased_purges":1,"victory":false,"max_hp_per_floor":[71,71,71,71,76,76,76,76,76,76,76,76,83,83,83,83,83,83,83,83,83,83,83,83,83,83,83,83,83,83,83,83,83],"card_choices":[{"not_picked":["Sweeping Beam","Steam"],"picked":"Beam Cell","floor":1.0},{"not_picked":["Streamline","Defragment"],"picked":"Melter","floor":4.0},{"not_picked":["Auto Shields","Hologram"],"picked":"Rip and Tear","floor":6.0},{"not_picked":["Steam","Cold Snap"],"picked":"Loop","floor":8.0},{"not_picked":["Tempest","Chaos","Streamline"],"picked":"SKIP","floor":10.0},{"not_picked":["Glacier","Cold Snap"],"picked":"Sweeping Beam","floor":11.0},{"not_picked":["Loop+1","Sweeping Beam"],"picked":"Gash","floor":12.0},{"not_picked":["Compile Driver","Undo","Steam"],"picked":"Defragment+1","floor":14.0},{"not_picked":["Multi-Cast","Rainbow","All For One"],"picked":"Seek","floor":16.0},{"not_picked":["Hologram","Beam Cell","Leap","Cold Snap"],"picked":"SKIP","floor":18.0},{"not_picked":["Sweeping Beam","Genetic Algorithm+1","Coolheaded"],"picked":"Skim","floor":22.0},{"not_picked":["Coolheaded","Streamline","Darkness"],"picked":"Heatsinks+1","floor":25},{"not_picked":["Redo","Beam Cell","Leap","Sweeping Beam"],"picked":"SKIP","floor":27},{"not_picked":["Barrage+1","Compile Driver","Go for the Eyes","Double Energy+1"],"picked":"SKIP","floor":29},{"not_picked":["Hyperbeam","Streamline","Go for the Eyes"],"picked":"Scrape","floor":30},{"not_picked":["Chaos","Barrage","Undo"],"picked":"Skim","floor":31}],"player_experience":608543,"relics_obtained":[{"floor":6.0,"key":"Lantern"},{"floor":8.0,"key":"Mummified Hand"},{"floor":9.0,"key":"Sundial"},{"floor":10.0,"key":"Frozen Egg 2"},{"floor":12.0,"key":"Question Card"},{"floor":25,"key":"Whetstone"},{"floor":26,"key":"Bottled Lightning"}],"event_choices":[{"damage_healed":0.0,"max_hp_gain":0.0,"max_hp_loss":0.0,"gold_gain":0.0,"event_name":"Living Wall","player_choice":"Grow","floor":2.0,"gold_loss":0.0,"damage_taken":0.0,"cards_upgraded":["Beam Cell"]},{"damage_healed":0.0,"max_hp_gain":5.0,"max_hp_loss":0.0,"gold_gain":0.0,"event_name":"Big Fish","player_choice":"Donut","floor":5.0,"gold_loss":0.0,"damage_taken":0.0},{"damage_healed":0.0,"max_hp_gain":0.0,"max_hp_loss":0.0,"gold_gain":30.0,"event_name":"Dead Adventurer","player_choice":"Searched \u00272\u0027 times","floor":12.0,"gold_loss":0.0,"damage_taken":0.0},{"damage_healed":0.0,"max_hp_gain":0.0,"max_hp_loss":0.0,"gold_gain":50.0,"event_name":"Nest","player_choice":"Stole From Cult","floor":20.0,"gold_loss":0.0,"damage_taken":0.0},{"damage_healed":0.0,"max_hp_gain":0.0,"max_hp_loss":0.0,"gold_gain":0.0,"event_name":"Designer","player_choice":"Upgrade","floor":21.0,"gold_loss":50.0,"damage_taken":0.0,"cards_upgraded":["Seek"]}],"is_beta":false,"boss_relics":[{"not_picked":["Snecko Eye","Cursed Key"],"picked":"Nuclear Battery"}],"items_purged_floors":[13],"is_endless":false,"potions_floor_spawned":[4,6,10,12,16,18,22,25],"killed_by":"Automaton","ascension_level":17}