{"gold_per_floor":[16,35,35,35,110,143,143,177,177,177,200,200,239,259,259,357,357,373,397,159,183,183,183],"floor_reached":23,"playtime":722,"items_purged":["Injury"],"score":355,"play_id":"8a051ea6-971e-41eb-9977-1db5de92fb5f","local_time":"20231224135256","is_ascension_mode":true,"campfire_choices":[{"floor":7,"key":"REST"},{"floor":10,"key":"REST"},{"data":"White Noise","floor":15,"key":"SMITH"}],"neow_cost":"NO_GOLD","seed_source_timestamp":69367781736900,"circlet_count":0,"master_deck":["AscendersBane","Strike_B","Strike_B","Strike_B","Strike_B","Defend_B","Defend_B","Defend_B","Defend_B","Zap","Dualcast","Doom and Gloom","Defragment","Streamline+1","Ball Lightning","Consume","White Noise+1","Core Surge","Self Repair","Melter","Core Surge"],"relics":["Cracked Core","Golden Idol","Letter Opener","Orichalcum","StrikeDummy","Question Card","The Courier","Black Star","Sling"],"potions_floor_usage":[6,13,16,21,23],"damage_taken":[{"damage":0,"enemies":"Cultist","floor":1,"turns":3},{"damage":8,"enemies":"Jaw Worm","floor":2,"turns":4},{"damage":25,"enemies":"3 Sentries","floor":6,"turns":7},{"damage":24,"enemies":"Lagavulin","floor":8,"turns":7},{"damage":4,"enemies":"2 Louse","floor":11,"turns":2},{"damage":9,"enemies":"3 Sentries","floor":13,"turns":6},{"damage":15,"enemies":"Large Slime","floor":14,"turns":3},{"damage":16,"enemies":"Hexaghost","floor":16,"turns":7},{"damage":6,"enemies":"Chosen","floor":18,"turns":4},{"damage":29,"enemies":"Shell Parasite","floor":19,"turns":6},{"damage":10,"enemies":"3 Cultists","floor":21,"turns":4},{"damage":70,"enemies":"Book of Stabbing","floor":23,"turns":5}],"seed_played":"-332314157610589369","potions_obtained":[{"floor":1,"key":"AttackPotion"},{"floor":11,"key":"Block Potion"},{"floor":13,"key":"FocusPotion"},{"floor":16,"key":"PowerPotion"},{"floor":19,"key":"SteroidPotion"}],"is_trial":false,"path_per_floor":["M","M","?","T","?","E","R","E","T","R","M","?","E","M","R","B",null,"M","M","$","M","?","E"],"character_chosen":"DEFECT","items_purchased":["Sling","Core Surge"],"campfire_rested":2,"item_purchase_floors":[20,20],"current_hp_per_floor":[78,70,70,70,59,34,59,35,35,60,56,56,47,32,32,16,68,62,40,40,37,65,0],"gold":183,"neow_bonus":"TWENTY_PERCENT_HP_BONUS","is_prod":false,"is_daily":false,"chose_seed":false,"campfire_upgraded":1,"win_rate":0,"timestamp":1703418776,"path_taken":["M","M","?","?","?","E","R","E","T","R","M","?","E","M","R","BOSS","M","M","$","M","?","E"],"build_version":"2022-12-18","purchased_purges":1,"victory":false,"max_hp_per_floor":[85,85,85,85,85,85,85,85,85,85,85,85,85,85,85,85,85,85,85,85,85,85,85],"card_choices":[{"not_picked":["Hello World","Beam Cell"],"picked":"Doom and Gloom","floor":1},{"not_picked":["Turbo","Storm"],"picked":"Defragment","floor":2},{"not_picked":["Meteor Strike","Chaos"],"picked":"Streamline","floor":6},{"not_picked":["Go for the Eyes","Recycle","Rebound"],"picked":"SKIP","floor":8},{"not_picked":["Go for the Eyes","Cold Snap","Fusion"],"picked":"Ball Lightning","floor":11},{"not_picked":["Chaos","Ball Lightning","Cold Snap"],"picked":"Consume","floor":13},{"not_picked":["Redo","Sweeping Beam","Stack"],"picked":"White Noise","floor":14},{"not_picked":["Biased Cognition","Rainbow","Amplify"],"picked":"Core Surge","floor":16},{"not_picked":["Defragment","Redo","Coolheaded"],"picked":"Self Repair","floor":18},{"not_picked":["Hello World","Turbo","Redo"],"picked":"Melter","floor":19},{"not_picked":["Recycle+1","Hologram","Stack","Ball Lightning"],"picked":"SKIP","floor":21}],"player_experience":581177,"relics_obtained":[{"floor":4,"key":"Letter Opener"},{"floor":6,"key":"Orichalcum"},{"floor":8,"key":"StrikeDummy"},{"floor":9,"key":"Question Card"},{"floor":13,"key":"The Courier"}],"event_choices":[{"damage_healed":0,"gold_gain":0,"player_choice":"Take Wound","damage_taken":0,"relics_obtained":["Golden Idol"],"max_hp_gain":0,"max_hp_loss":0,"event_name":"Golden Idol","floor":3,"gold_loss":0,"cards_obtained":["Injury"]},{"damage_healed":0,"gold_gain":75,"player_choice":"Gather Gold","damage_taken":11,"max_hp_gain":0,"max_hp_loss":0,"event_name":"World of Goop","floor":5,"gold_loss":0},{"damage_healed":0,"gold_gain":0,"player_choice":"Grow","damage_taken":0,"max_hp_gain":0,"max_hp_loss":0,"event_name":"Living Wall","floor":12,"gold_loss":0,"cards_upgraded":["Streamline"]},{"damage_healed":28,"gold_gain":0,"player_choice":"Heal","damage_taken":0,"max_hp_gain":0,"max_hp_loss":0,"event_name":"The Library","floor":22,"gold_loss":0}],"is_beta":false,"boss_relics":[{"not_picked":["Runic Pyramid","Coffee Dripper"],"picked":"Black Star"}],"items_purged_floors":[20],"is_endless":false,"potions_floor_spawned":[1,11,13,16,19],"killed_by":"Book of Stabbing","ascension_level":14}