{"gold_per_floor":[12,27,45,16,16,16,47,47,70,70,130,184,184],"floor_reached":13,"playtime":337,"items_purged":[],"score":150,"play_id":"e52ea4a6-d180-40af-83c0-4580d8c6f4cf","local_time":"20231230191546","is_ascension_mode":true,"campfire_choices":[{"data":"Zap","floor":6,"key":"SMITH"},{"data":"Thinking Ahead","floor":8,"key":"SMITH"},{"data":"Static Discharge","floor":10,"key":"SMITH"}],"neow_cost":"NO_GOLD","seed_source_timestamp":22450700022400,"circlet_count":0,"master_deck":["AscendersBane","Strike_B","Strike_B","Strike_B","Strike_B","Defend_B","Defend_B","Defend_B","Defend_B","Zap+1","Dualcast","Thinking Ahead+1","Heatsinks","Static Discharge+1","All For One","Beam Cell+1","Beam Cell"],"relics":["Cracked Core","Omamori","Blood Vial","MealTicket"],"potions_floor_usage":[7],"damage_taken":[{"damage":4,"enemies":"Small Slimes","floor":1,"turns":4},{"damage":6,"enemies":"Jaw Worm","floor":2,"turns":4},{"damage":2,"enemies":"Cultist","floor":3,"turns":4},{"damage":20,"enemies":"Gremlin Nob","floor":7,"turns":3},{"damage":24,"enemies":"Lagavulin Event","floor":11,"turns":4}],"seed_played":"6377858693467058398","potions_obtained":[{"floor":3,"key":"AttackPotion"},{"floor":11,"key":"Fire Potion"}],"is_trial":false,"path_per_floor":["M","M","M","$","?","R","E","R","T","R","?","?","?"],"character_chosen":"DEFECT","items_purchased":["Beam Cell"],"campfire_rested":0,"item_purchase_floors":[4],"current_hp_per_floor":[60,54,52,52,52,52,32,32,32,32,10,10,0],"gold":184,"neow_bonus":"RANDOM_COLORLESS_2","is_prod":false,"is_daily":false,"chose_seed":false,"campfire_upgraded":3,"win_rate":0,"timestamp":1703956546,"path_taken":["M","M","M","$","?","R","E","R","T","R","?","?","?"],"build_version":"2022-12-18","purchased_purges":0,"victory":false,"max_hp_per_floor":[71,71,71,71,71,71,71,71,71,71,71,71,71],"card_choices":[{"not_picked":["Sadistic Nature","Secret Technique"],"picked":"Thinking Ahead","floor":0},{"not_picked":["Consume","Leap"],"picked":"Heatsinks","floor":1},{"not_picked":["Steam","Turbo"],"picked":"Static Discharge","floor":2},{"not_picked":["Cold Snap","Storm"],"picked":"All For One","floor":3},{"not_picked":["Chaos","Leap","Rebound"],"picked":"SKIP","floor":7},{"not_picked":["Leap","Coolheaded"],"picked":"Beam Cell","floor":11}],"player_experience":617838,"relics_obtained":[{"floor":7,"key":"Omamori"},{"floor":9,"key":"Blood Vial"},{"floor":11,"key":"MealTicket"}],"event_choices":[{"damage_healed":0,"gold_gain":0,"player_choice":"Grow","damage_taken":0,"max_hp_gain":0,"max_hp_loss":0,"event_name":"Living Wall","floor":5,"gold_loss":0,"cards_upgraded":["Beam Cell"]},{"damage_healed":0,"gold_gain":0,"player_choice":"Searched \u00271\u0027 times","damage_taken":0,"max_hp_gain":0,"max_hp_loss":0,"event_name":"Dead Adventurer","floor":11,"gold_loss":0},{"damage_healed":0,"gold_gain":54,"player_choice":"Gained Gold","damage_taken":0,"max_hp_gain":0,"max_hp_loss":0,"event_name":"Golden Wing","floor":12,"gold_loss":0}],"is_beta":false,"boss_relics":[],"items_purged_floors":[],"is_endless":false,"potions_floor_spawned":[3,11],"ascension_level":17}