{"gold_per_floor":[117,117,67,78,78,114,114,156,204,204,30,46,46,67,67,153,153,169,197,197,197],"floor_reached":21,"playtime":663,"items_purged":[],"score":318,"play_id":"0d866010-99fd-4ba6-bb1f-d9a87ce22bd7","local_time":"20231224132915","is_ascension_mode":true,"campfire_choices":[{"data":"Dualcast","floor":7,"key":"SMITH"},{"floor":10,"key":"REST"},{"floor":15,"key":"REST"}],"neow_cost":"PERCENT_DAMAGE","seed_source_timestamp":68002914608100,"circlet_count":0,"master_deck":["AscendersBane","Strike_B","Strike_B","Defend_B","Defend_B","Defend_B","Zap+1","Dualcast+1","Sweeping Beam","Leap","Storm","Barrage","Chaos","All For One","Electrodynamics","Double Energy"],"relics":["Cracked Core","CeramicFish","Shovel","Bag of Marbles","ClockworkSouvenir","Black Star"],"potions_floor_usage":[6,6,16,16,21],"damage_taken":[{"damage":7,"enemies":"Small Slimes","floor":1,"turns":3},{"damage":4,"enemies":"2 Louse","floor":4,"turns":2},{"damage":20,"enemies":"Lagavulin","floor":6,"turns":6},{"damage":27,"enemies":"3 Sentries","floor":8,"turns":6},{"damage":0,"enemies":"Cultist","floor":12,"turns":3},{"damage":0,"enemies":"2 Fungi Beasts","floor":14,"turns":3},{"damage":40,"enemies":"The Guardian","floor":16,"turns":12},{"damage":19,"enemies":"Spheric Guardian","floor":18,"turns":4},{"damage":23,"enemies":"3 Byrds","floor":19,"turns":3},{"damage":15,"enemies":"Shelled Parasite and Fungi","floor":21,"turns":1}],"seed_played":"2455513355964574423","potions_obtained":[{"floor":4,"key":"PowerPotion"},{"floor":6,"key":"Fruit Juice"},{"floor":13,"key":"Regen Potion"},{"floor":13,"key":"CultistPotion"},{"floor":16,"key":"ColorlessPotion"}],"is_trial":false,"path_per_floor":["M","?","?","M","?","E","R","E","T","R","$","M","?","M","R","B",null,"M","M","?","M"],"character_chosen":"DEFECT","items_purchased":["ClockworkSouvenir","Chaos"],"campfire_rested":2,"item_purchase_floors":[11,11],"current_hp_per_floor":[39,62,62,58,58,43,43,16,16,38,38,38,38,38,60,35,66,47,24,10,0],"gold":197,"neow_bonus":"REMOVE_TWO","is_prod":false,"is_daily":false,"chose_seed":false,"campfire_upgraded":1,"win_rate":0,"timestamp":1703417355,"path_taken":["M","?","?","M","?","E","R","E","T","R","$","M","?","?","R","BOSS","M","M","?","M"],"build_version":"2022-12-18","purchased_purges":0,"victory":false,"max_hp_per_floor":[71,71,71,71,71,76,76,76,76,76,76,76,76,76,76,76,76,76,76,81,81],"card_choices":[{"not_picked":["Coolheaded","Static Discharge"],"picked":"Sweeping Beam","floor":1},{"not_picked":["Compile Driver","Tempest"],"picked":"Leap","floor":4},{"not_picked":["Go for the Eyes","Steam"],"picked":"Storm","floor":6},{"not_picked":["Conserve Battery","Redo"],"picked":"Barrage","floor":8},{"not_picked":["Go for the Eyes","Leap","Cold Snap"],"picked":"SKIP","floor":12},{"not_picked":["Coolheaded","Capacitor"],"picked":"All For One","floor":14},{"not_picked":["Echo Form","Rainbow"],"picked":"Electrodynamics","floor":16},{"not_picked":["Fusion","Redo","Turbo"],"picked":"SKIP","floor":18},{"not_picked":["Turbo","Go for the Eyes"],"picked":"Double Energy","floor":19}],"player_experience":579837,"relics_obtained":[{"floor":6,"key":"CeramicFish"},{"floor":8,"key":"Shovel"},{"floor":9,"key":"Bag of Marbles"}],"event_choices":[{"damage_healed":23,"gold_gain":0,"player_choice":"Banana","damage_taken":0,"max_hp_gain":0,"max_hp_loss":0,"event_name":"Big Fish","floor":2,"gold_loss":0},{"cards_removed":["Strike_B"],"damage_healed":0,"gold_gain":0,"player_choice":"Card Removal","damage_taken":0,"max_hp_gain":0,"max_hp_loss":0,"event_name":"The Cleric","floor":3,"gold_loss":50},{"damage_healed":0,"gold_gain":0,"player_choice":"Grow","damage_taken":0,"max_hp_gain":0,"max_hp_loss":0,"event_name":"Living Wall","floor":5,"gold_loss":0,"cards_upgraded":["Zap"]},{"damage_healed":0,"gold_gain":0,"player_choice":"Got Potions","damage_taken":0,"max_hp_gain":0,"max_hp_loss":0,"event_name":"Lab","floor":13,"gold_loss":0},{"damage_healed":0,"gold_gain":0,"player_choice":"Shed Blood","damage_taken":19,"max_hp_gain":5,"max_hp_loss":0,"event_name":"Forgotten Altar","floor":20,"gold_loss":0}],"is_beta":false,"boss_relics":[{"not_picked":["Snecko Eye","Tiny House"],"picked":"Black Star"}],"items_purged_floors":[],"is_endless":false,"potions_floor_spawned":[4,6,16],"killed_by":"Shelled Parasite and Fungi","ascension_level":14}