{"gold_per_floor":[113,123,133,148,163,163,163,173,198,227,227,43,43,53,53,125,125,142,67,86,34,84,104,104,29,52,75,75,106,106,120,120,193,193,213,213,231,281,34,34,45,78,78,97,115,115,64,77,77,77],"floor_reached":51,"playtime":1928,"items_purged":["Glacier","Dualcast"],"score":1298,"play_id":"7eb32e84-0cb4-4a55-a32d-248b10e4b8b0","local_time":"20231226010504","is_ascension_mode":true,"campfire_choices":[{"floor":6,"key":"REST"},{"data":"Scrape","floor":11,"key":"SMITH"},{"floor":15,"key":"REST"},{"data":"Seek","floor":24,"key":"SMITH"},{"floor":28,"key":"REST"},{"data":"Seek","floor":30,"key":"SMITH"},{"floor":32,"key":"REST"},{"data":"Scrape","floor":40,"key":"SMITH"},{"data":"Reboot","floor":46,"key":"SMITH"},{"floor":49,"key":"REST"}],"neow_cost":"PERCENT_DAMAGE","seed_source_timestamp":47110761231700,"circlet_count":0,"master_deck":["AscendersBane","Zap","Self Repair","FTL","Gash","Beam Cell+1","Scrape+1","Scrape+1","All For One","Sunder","Reboot+1","Seek+1","Sweeping Beam","Rebound","Amplify","Steam","Gash","Gash","Seek+1","Skim+1","Gash","Go for the Eyes","Go for the Eyes+1"],"relics":["FrozenCore","PreservedInsect","Unceasing Top","Sling","Pandora\u0027s Box","Ancient Tea Set","Regal Pillow","Tiny Chest","Pen Nib","Nunchaku","Bottled Flame"],"potions_floor_usage":[4,4,23,33,42,42,50,50],"damage_taken":[{"damage":8,"enemies":"2 Louse","floor":1,"turns":2},{"damage":7,"enemies":"Jaw Worm","floor":2,"turns":3},{"damage":3,"enemies":"Small Slimes","floor":3,"turns":2},{"damage":17,"enemies":"Exordium Thugs","floor":4,"turns":5},{"damage":9,"enemies":"2 Fungi Beasts","floor":5,"turns":3},{"damage":7,"enemies":"Looter","floor":8,"turns":3},{"damage":15,"enemies":"Gremlin Nob","floor":10,"turns":3},{"damage":23,"enemies":"Lots of Slimes","floor":14,"turns":4},{"damage":49,"enemies":"The Guardian","floor":16,"turns":12},{"damage":33,"enemies":"Shell Parasite","floor":18,"turns":4},{"damage":11,"enemies":"2 Thieves","floor":20,"turns":3},{"damage":0,"enemies":"3 Cultists","floor":23,"turns":3},{"damage":7,"enemies":"Slavers","floor":29,"turns":2},{"damage":13,"enemies":"Snake Plant","floor":31,"turns":2},{"damage":35,"enemies":"Collector","floor":33,"turns":3},{"damage":3,"enemies":"Orb Walker","floor":35,"turns":2},{"damage":3,"enemies":"3 Shapes","floor":37,"turns":3},{"damage":10,"enemies":"Spire Growth","floor":41,"turns":2},{"damage":0,"enemies":"Reptomancer","floor":42,"turns":3},{"damage":7,"enemies":"3 Darklings","floor":44,"turns":3},{"damage":5,"enemies":"Sphere and 2 Shapes","floor":45,"turns":3},{"damage":0,"enemies":"Writhing Mass","floor":48,"turns":2},{"damage":40,"enemies":"Awakened One","floor":50,"turns":4}],"seed_played":"8081679550030494267","potions_obtained":[{"floor":1,"key":"Energy Potion"},{"floor":3,"key":"SteroidPotion"},{"floor":8,"key":"Fire Potion"},{"floor":20,"key":"PowerPotion"},{"floor":23,"key":"Ancient Potion"},{"floor":31,"key":"LiquidMemories"},{"floor":37,"key":"LiquidBronze"},{"floor":42,"key":"Fruit Juice"}],"is_trial":false,"path_per_floor":["M","M","M","M","M","R","?","M","T","E","R","$","?","M","R","B",null,"M","?","M","$","?","M","R","$","T","T","R","E","R","M","R","B",null,"M","?","M","?","$","R","M","E","T","M","M","R","$","M","R","B",null],"character_chosen":"DEFECT","items_purchased":["Scrape","Sling","Gash","Pen Nib","SteroidPotion"],"campfire_rested":5,"item_purchase_floors":[12,12,21,39,47],"current_hp_per_floor":[52,45,42,32,30,55,83,76,76,68,68,68,68,52,77,35,73,54,54,43,43,43,57,57,57,57,57,85,78,78,65,85,57,78,82,81,81,81,81,81,71,83,83,76,78,78,78,78,86,53],"gold":77,"neow_bonus":"TWENTY_PERCENT_HP_BONUS","is_prod":false,"is_daily":false,"chose_seed":false,"campfire_upgraded":5,"win_rate":0,"timestamp":1703545504,"path_taken":["M","M","M","M","M","R","?","M","T","E","R","$","?","M","R","BOSS","M","?","M","$","?","?","R","?","T","?","R","E","R","M","R","BOSS","M","?","M","?","$","R","M","E","T","M","M","R","$","M","R","BOSS"],"build_version":"2022-12-18","purchased_purges":2,"victory":true,"max_hp_per_floor":[85,85,85,85,85,85,85,85,85,85,85,85,85,85,85,85,85,85,85,85,85,85,85,85,85,85,85,85,85,85,85,85,85,85,85,81,81,81,81,81,81,86,86,86,86,86,86,86,86,86],"card_choices":[{"not_picked":["Steam Power","Stack","Hologram"],"picked":"SKIP","floor":1},{"not_picked":["Sweeping Beam","Compile Driver"],"picked":"Self Repair","floor":2},{"not_picked":["Stack","Double Energy"],"picked":"FTL","floor":3},{"not_picked":["Cold Snap","Coolheaded"],"picked":"Gash","floor":4},{"not_picked":["Defragment","Barrage"],"picked":"Beam Cell","floor":5},{"not_picked":["Static Discharge","Sweeping Beam"],"picked":"Scrape","floor":8},{"not_picked":["Capacitor","Machine Learning","Lockon"],"picked":"SKIP","floor":10},{"not_picked":["Hello World","Leap","Fusion"],"picked":"SKIP","floor":14},{"not_picked":["Creative AI","Echo Form"],"picked":"All For One","floor":16},{"not_picked":["Hello World","BootSequence"],"picked":"Steam","floor":18},{"not_picked":["Beam Cell","Chaos"],"picked":"Gash","floor":20},{"not_picked":["Steam+1","Loop"],"picked":"Seek","floor":23},{"not_picked":["Doom and Gloom","Genetic Algorithm"],"picked":"Skim+1","floor":29},{"not_picked":["Compile Driver","Chaos","Hologram"],"picked":"SKIP","floor":31},{"not_picked":["White Noise","Barrage"],"picked":"Gash","floor":35},{"not_picked":["Conserve Battery","Compile Driver","Cold Snap"],"picked":"SKIP","floor":37},{"not_picked":["Sweeping Beam","Barrage","Heatsinks"],"picked":"SKIP","floor":41},{"not_picked":["Storm","Force Field"],"picked":"Go for the Eyes","floor":42},{"not_picked":["Undo+1","Cold Snap","Static Discharge"],"picked":"SKIP","floor":44},{"not_picked":["Rebound","Buffer"],"picked":"Go for the Eyes+1","floor":45},{"not_picked":["Ball Lightning","Beam Cell+1","Steam"],"picked":"SKIP","floor":48}],"player_experience":588247,"relics_obtained":[{"floor":9,"key":"PreservedInsect"},{"floor":10,"key":"Unceasing Top"},{"floor":26,"key":"Ancient Tea Set"},{"floor":27,"key":"Regal Pillow"},{"floor":29,"key":"Tiny Chest"},{"floor":42,"key":"Nunchaku"},{"floor":43,"key":"Bottled Flame"}],"event_choices":[{"damage_healed":28,"gold_gain":0,"player_choice":"Banana","damage_taken":0,"max_hp_gain":0,"max_hp_loss":0,"event_name":"Big Fish","floor":7,"gold_loss":0},{"damage_healed":0,"gold_gain":0,"player_choice":"Grow","damage_taken":0,"max_hp_gain":0,"max_hp_loss":0,"event_name":"Living Wall","floor":13,"gold_loss":0,"cards_upgraded":["Beam Cell"]},{"cards_removed":["Hologram"],"damage_healed":0,"gold_gain":0,"player_choice":"Gave Gold","damage_taken":0,"max_hp_gain":0,"max_hp_loss":0,"event_name":"Beggar","floor":19,"gold_loss":75},{"damage_healed":0,"gold_gain":50,"player_choice":"Pray","damage_taken":0,"max_hp_gain":0,"max_hp_loss":0,"event_name":"Golden Shrine","floor":22,"gold_loss":0},{"damage_healed":0,"gold_gain":0,"player_choice":"Max HP","damage_taken":0,"max_hp_gain":0,"max_hp_loss":4,"event_name":"Winding Halls","floor":36,"gold_loss":0},{"damage_healed":0,"gold_gain":50,"player_choice":"Pray","damage_taken":0,"max_hp_gain":0,"max_hp_loss":0,"event_name":"Golden Shrine","floor":38,"gold_loss":0}],"is_beta":false,"boss_relics":[{"not_picked":["Runic Pyramid","Inserter"],"picked":"Pandora\u0027s Box"},{"not_picked":["SacredBark","Nuclear Battery"],"picked":"FrozenCore"}],"items_purged_floors":[25,39],"is_endless":false,"potions_floor_spawned":[1,3,8,20,23,31,37,41,42],"ascension_level":15}