{"gold_per_floor":[11,28,28,48,65,65,76,107,186,186,211,211,223,243,243,320,320,340,356,167,183,38,38],"floor_reached":23,"playtime":1043,"items_purged":[],"score":349,"play_id":"fe17ddbc-73c8-4805-b649-a05e96acaa9f","local_time":"20231224141028","is_ascension_mode":true,"campfire_choices":[{"data":"Glacier","floor":6,"key":"SMITH"},{"data":"1","floor":10,"key":"LIFT"},{"data":"Gash","floor":12,"key":"SMITH"},{"floor":15,"key":"REST"}],"neow_cost":"NO_GOLD","seed_source_timestamp":70098196908300,"circlet_count":0,"master_deck":["AscendersBane","Strike_B","Strike_B","Strike_B","Strike_B","Defend_B","Defend_B","Zap","Dualcast","Glacier+1","Gash+1","Conserve Battery+1","Loop","Glacier+1","All For One","Capacitor","Machine Learning","Beam Cell","White Noise+1","Gash"],"relics":["Cracked Core","Thread and Needle","Toxic Egg 2","Girya","Pear","Potion Belt","Empty Cage","Blood Vial","Runic Capacitor"],"potions_floor_usage":[5,5,13,16,21],"damage_taken":[{"damage":0,"enemies":"2 Louse","floor":1,"turns":2},{"damage":0,"enemies":"Cultist","floor":2,"turns":3},{"damage":0,"enemies":"Small Slimes","floor":4,"turns":3},{"damage":11,"enemies":"Exordium Thugs","floor":5,"turns":4},{"damage":0,"enemies":"Blue Slaver","floor":7,"turns":4},{"damage":12,"enemies":"Lagavulin","floor":8,"turns":8},{"damage":29,"enemies":"Gremlin Nob","floor":11,"turns":5},{"damage":0,"enemies":"3 Louse","floor":13,"turns":3},{"damage":0,"enemies":"Lots of Slimes","floor":14,"turns":6},{"damage":20,"enemies":"Slime Boss","floor":16,"turns":14},{"damage":10,"enemies":"Chosen","floor":18,"turns":6},{"damage":3,"enemies":"Spheric Guardian","floor":19,"turns":7},{"damage":16,"enemies":"Snecko","floor":21,"turns":8},{"damage":58,"enemies":"Gremlin Leader","floor":23,"turns":6}],"seed_played":"-7017618066461366618","potions_obtained":[{"floor":1,"key":"Explosive Potion"},{"floor":4,"key":"FearPotion"},{"floor":8,"key":"SpeedPotion"},{"floor":13,"key":"AttackPotion"},{"floor":16,"key":"PotionOfCapacity"},{"floor":19,"key":"Regen Potion"}],"is_trial":false,"path_per_floor":["M","M","?","M","M","R","M","E","T","R","E","R","M","M","R","B",null,"M","M","$","M","$","E"],"character_chosen":"DEFECT","items_purchased":["Gash","Blood Vial","Runic Capacitor"],"campfire_rested":1,"item_purchase_floors":[20,20,22],"current_hp_per_floor":[64,64,64,64,53,53,53,41,51,51,22,22,22,22,46,26,67,57,54,54,55,55,0],"gold":38,"neow_bonus":"ONE_RARE_RELIC","is_prod":false,"is_daily":false,"chose_seed":false,"campfire_upgraded":2,"win_rate":0,"timestamp":1703419828,"path_taken":["M","M","?","M","?","R","M","E","T","R","E","R","M","M","R","BOSS","M","?","?","M","$","E"],"build_version":"2022-12-18","purchased_purges":0,"victory":false,"max_hp_per_floor":[71,71,71,71,71,71,71,71,81,81,81,81,81,81,81,81,81,81,81,81,81,81,81],"card_choices":[{"not_picked":["Reinforced Body","Coolheaded"],"picked":"Gash","floor":1},{"not_picked":["Rebound","Sweeping Beam"],"picked":"Glacier","floor":2},{"not_picked":["Turbo+1","Beam Cell"],"picked":"Gash","floor":4},{"not_picked":["BootSequence+1","Melter"],"picked":"Conserve Battery+1","floor":5},{"not_picked":["Double Energy+1","Beam Cell"],"picked":"Loop","floor":7},{"not_picked":["Leap+1","Ball Lightning"],"picked":"Glacier+1","floor":8},{"not_picked":["Melter","Double Energy+1"],"picked":"All For One","floor":11},{"not_picked":["Heatsinks","Loop","Compile Driver"],"picked":"SKIP","floor":13},{"not_picked":["Tempest+1","Ball Lightning"],"picked":"Capacitor","floor":14},{"not_picked":["Rainbow+1","Amplify+1"],"picked":"Machine Learning","floor":16},{"not_picked":["Darkness+1","Streamline"],"picked":"Beam Cell","floor":18},{"not_picked":["Streamline","Rip and Tear+1"],"picked":"White Noise+1","floor":19},{"not_picked":["Steam+1","Sweeping Beam","Doom and Gloom"],"picked":"SKIP","floor":21}],"player_experience":581899,"relics_obtained":[{"floor":8,"key":"Girya"},{"floor":9,"key":"Pear"},{"floor":11,"key":"Potion Belt"}],"event_choices":[{"cards_removed":["Gash"],"damage_healed":0,"gold_gain":0,"player_choice":"Gave Card","damage_taken":0,"relics_obtained":["Toxic Egg 2"],"max_hp_gain":0,"max_hp_loss":0,"event_name":"WeMeetAgain","floor":3,"gold_loss":0}],"is_beta":false,"boss_relics":[{"not_picked":["Velvet Choker","Cursed Key"],"picked":"Empty Cage"}],"items_purged_floors":[],"is_endless":false,"potions_floor_spawned":[1,4,8,13,16,19],"killed_by":"Gremlin Leader","ascension_level":14}