{"gold_per_floor":[116,134,159,159,84,114,131,166,166,181,181,199,100,100],"floor_reached":14,"playtime":297,"items_purged":[],"score":231,"play_id":"6f686feb-a574-462d-aa32-a0b5955ea6ea","local_time":"20231230192053","is_ascension_mode":true,"campfire_choices":[{"data":"Gash","floor":11,"key":"SMITH"}],"neow_cost":"NONE","seed_source_timestamp":22797921361400,"circlet_count":0,"master_deck":["AscendersBane","Strike_B","Strike_B","Strike_B","Defend_B","Defend_B","Defend_B","Defend_B","Zap","Dualcast","Genetic Algorithm+1","Beam Cell","Gash+1","Redo","Go for the Eyes","Beam Cell","Steam","Bandage Up"],"relics":["Cracked Core","NeowsBlessing","Potion Belt","Question Card","Ornamental Fan","Bird Faced Urn"],"potions_floor_usage":[14,14],"damage_taken":[{"damage":0,"enemies":"Cultist","floor":1,"turns":1},{"damage":0,"enemies":"Jaw Worm","floor":2,"turns":1},{"damage":0,"enemies":"3 Sentries","floor":6,"turns":2},{"damage":6,"enemies":"2 Louse","floor":7,"turns":2},{"damage":30,"enemies":"Lagavulin","floor":8,"turns":8},{"damage":1,"enemies":"Looter","floor":10,"turns":3},{"damage":1,"enemies":"2 Fungi Beasts","floor":12,"turns":3},{"damage":27,"enemies":"Gremlin Nob","floor":14,"turns":3}],"seed_played":"-469076466938228644","potions_obtained":[{"floor":2,"key":"Explosive Potion"},{"floor":8,"key":"SneckoOil"},{"floor":12,"key":"ColorlessPotion"}],"is_trial":false,"path_per_floor":["M","M","T","?","?","E","M","E","T","M","R","M","$","E"],"character_chosen":"DEFECT","items_purchased":["Bandage Up"],"campfire_rested":0,"item_purchase_floors":[13],"current_hp_per_floor":[64,64,64,64,64,64,58,28,28,27,27,26,26,0],"gold":100,"neow_bonus":"THREE_ENEMY_KILL","is_prod":false,"is_daily":false,"chose_seed":false,"campfire_upgraded":1,"win_rate":0,"timestamp":1703956853,"path_taken":["M","?","?","?","?","E","M","E","T","M","R","M","?","E"],"build_version":"2022-12-18","purchased_purges":0,"victory":false,"max_hp_per_floor":[71,71,71,71,71,71,71,71,71,71,71,71,71,71],"card_choices":[{"not_picked":["Stack","Ball Lightning"],"picked":"Genetic Algorithm","floor":1},{"not_picked":["Double Energy","Coolheaded"],"picked":"Beam Cell","floor":2},{"not_picked":["White Noise","Streamline"],"picked":"Gash","floor":6},{"not_picked":["Amplify","Double Energy","Turbo"],"picked":"Redo","floor":7},{"not_picked":["Stack","Glacier","Consume"],"picked":"Go for the Eyes","floor":8},{"not_picked":["Capacitor","Meteor Strike","Hologram"],"picked":"Beam Cell","floor":10},{"not_picked":["Fusion","Double Energy","Cold Snap"],"picked":"Steam","floor":12}],"player_experience":618175,"relics_obtained":[{"floor":3,"key":"Potion Belt"},{"floor":6,"key":"Question Card"},{"floor":8,"key":"Ornamental Fan"},{"floor":9,"key":"Bird Faced Urn"}],"event_choices":[{"damage_healed":0,"gold_gain":0,"player_choice":"Grow","damage_taken":0,"max_hp_gain":0,"max_hp_loss":0,"event_name":"Living Wall","floor":4,"gold_loss":0,"cards_upgraded":["Genetic Algorithm"]},{"cards_removed":["Strike_B"],"damage_healed":0,"gold_gain":0,"player_choice":"Card Removal","damage_taken":0,"max_hp_gain":0,"max_hp_loss":0,"event_name":"The Cleric","floor":5,"gold_loss":75}],"is_beta":false,"boss_relics":[],"items_purged_floors":[],"is_endless":false,"potions_floor_spawned":[2,8,12],"killed_by":"Gremlin Nob","ascension_level":17}