{"gold_per_floor":[110,120,133,133,146,146,181,194,276,288,288,305,332,351,351,351],"floor_reached":16,"playtime":414,"items_purged":[],"score":226,"play_id":"aef379cd-8d15-49e1-a3f5-5205abc833a9","local_time":"20240111184942","is_ascension_mode":true,"campfire_choices":[{"floor":6,"key":"REST"},{"floor":15,"key":"REST"}],"neow_cost":"NONE","seed_source_timestamp":4928615882500,"circlet_count":0,"master_deck":["AscendersBane","Strike_B","Strike_B","Strike_B","Defend_B","Defend_B","Defend_B","Defend_B","Zap","Dualcast","Ball Lightning","Gash","Leap","Doom and Gloom","Biased Cognition","Self Repair","Auto Shields","Gash","Go for the Eyes","Gash"],"relics":["Cracked Core","NeowsBlessing","Emotion Chip","Question Card","Anchor","Du-Vu Doll"],"potions_floor_usage":[7,10,12,16],"damage_taken":[{"damage":0,"enemies":"Cultist","floor":1,"turns":1},{"damage":0,"enemies":"Jaw Worm","floor":2,"turns":1},{"damage":0,"enemies":"2 Louse","floor":3,"turns":1},{"damage":25,"enemies":"Large Slime","floor":5,"turns":6},{"damage":30,"enemies":"3 Sentries","floor":7,"turns":5},{"damage":14,"enemies":"2 Fungi Beasts","floor":8,"turns":4},{"damage":0,"enemies":"Gremlin Gang","floor":10,"turns":1},{"damage":2,"enemies":"Large Slime","floor":12,"turns":5},{"damage":15,"enemies":"Lagavulin","floor":13,"turns":6},{"damage":10,"enemies":"Lots of Slimes","floor":14,"turns":7},{"damage":32,"enemies":"The Guardian","floor":16,"turns":5}],"seed_played":"8698754036228422099","potions_obtained":[{"floor":2,"key":"LiquidBronze"},{"floor":7,"key":"LiquidBronze"},{"floor":8,"key":"DuplicationPotion"},{"floor":10,"key":"BlessingOfTheForge"}],"is_trial":false,"path_per_floor":["M","M","M","?","M","R","E","M","T","M","T","M","E","M","R","B"],"character_chosen":"DEFECT","items_purchased":[],"campfire_rested":2,"item_purchase_floors":[],"current_hp_per_floor":[64,64,64,64,39,60,30,16,16,16,16,21,13,10,31,0],"gold":351,"neow_bonus":"THREE_ENEMY_KILL","is_prod":false,"is_daily":false,"chose_seed":false,"campfire_upgraded":0,"win_rate":0,"timestamp":1704991782,"path_taken":["M","?","?","?","?","R","E","M","T","M","?","?","E","M","R","BOSS"],"build_version":"2022-12-18","purchased_purges":0,"victory":false,"max_hp_per_floor":[71,71,71,71,71,71,71,71,71,71,71,71,71,71,71,71],"card_choices":[{"not_picked":["Stack","Aggregate"],"picked":"Ball Lightning","floor":1},{"not_picked":["Cold Snap","Redo"],"picked":"Gash","floor":2},{"not_picked":["Stack","BootSequence"],"picked":"Leap","floor":3},{"not_picked":["Redo","Darkness"],"picked":"Doom and Gloom","floor":5},{"not_picked":["Hello World","FTL"],"picked":"Biased Cognition","floor":7},{"not_picked":["Coolheaded","Barrage"],"picked":"Self Repair","floor":8},{"not_picked":["Rebound","Streamline","Compile Driver"],"picked":"Auto Shields","floor":10},{"not_picked":["Skim","Tempest","Coolheaded"],"picked":"Gash","floor":12},{"not_picked":["Steam Power","BootSequence","Conserve Battery"],"picked":"Go for the Eyes","floor":13},{"not_picked":["Cold Snap","Rebound","Turbo"],"picked":"Gash","floor":14}],"player_experience":659676,"relics_obtained":[{"floor":7,"key":"Emotion Chip"},{"floor":9,"key":"Question Card"},{"floor":11,"key":"Anchor"},{"floor":13,"key":"Du-Vu Doll"}],"event_choices":[{"cards_removed":["Strike_B"],"damage_healed":0,"gold_gain":0,"player_choice":"Purged","damage_taken":0,"max_hp_gain":0,"max_hp_loss":0,"event_name":"Purifier","floor":4,"gold_loss":0}],"is_beta":false,"boss_relics":[],"items_purged_floors":[],"is_endless":false,"potions_floor_spawned":[2,7,8,10],"killed_by":"The Guardian","ascension_level":19}