{"gold_per_floor":[117,117,65,77,77,112,112,141,195,195,209,209,20,20,20,97,97,109,119,119,11,26,26,26,26,26,41,41,60,60,74,74,74],"floor_reached":33,"playtime":860,"items_purged":[],"score":514,"play_id":"30ea4ef4-ba14-4681-bca0-d48e513bd612","local_time":"20231231154739","is_ascension_mode":true,"campfire_choices":[{"data":"Beam Cell","floor":7,"key":"SMITH"},{"data":"Scrape","floor":10,"key":"SMITH"},{"data":"Go for the Eyes","floor":15,"key":"SMITH"},{"floor":23,"key":"REST"},{"floor":25,"key":"REST"},{"floor":32,"key":"REST"}],"neow_cost":"NONE","seed_source_timestamp":4812591398800,"circlet_count":0,"master_deck":["AscendersBane","Strike_B","Defend_B","Defend_B","Zap","Dualcast","Skim","Beam Cell+1","Gash","Beam Cell+1","Scrape+1","Rebound","Go for the Eyes+1","Reboot","Hologram","Echo Form","Dark Shackles"],"relics":["Cracked Core","NeowsBlessing","Tiny Chest","Pocketwatch","Centennial Puzzle","Lee\u0027s Waffle","Empty Cage","Ornamental Fan","Kunai","Smiling Mask"],"potions_floor_usage":[8,19,22,33,33],"damage_taken":[{"damage":0,"enemies":"2 Louse","floor":1,"turns":1},{"damage":0,"enemies":"Cultist","floor":4,"turns":1},{"damage":0,"enemies":"Gremlin Nob","floor":6,"turns":1},{"damage":15,"enemies":"Lagavulin","floor":8,"turns":6},{"damage":12,"enemies":"Jaw Worm","floor":11,"turns":2},{"damage":30,"enemies":"Slime Boss","floor":16,"turns":8},{"damage":19,"enemies":"2 Thieves","floor":18,"turns":2},{"damage":12,"enemies":"Chosen","floor":19,"turns":4},{"damage":23,"enemies":"Sentry and Sphere","floor":22,"turns":5},{"damage":16,"enemies":"Chosen and Byrds","floor":27,"turns":5},{"damage":30,"enemies":"Snecko","floor":29,"turns":5},{"damage":6,"enemies":"Sentry and Sphere","floor":31,"turns":4},{"damage":40,"enemies":"Collector","floor":33,"turns":5}],"seed_played":"-2800430871075328323","potions_obtained":[{"floor":1,"key":"Weak Potion"},{"floor":11,"key":"SpeedPotion"},{"floor":18,"key":"BlessingOfTheForge"},{"floor":27,"key":"FearPotion"},{"floor":29,"key":"Fire Potion"}],"is_trial":false,"path_per_floor":["M","?","$","M","?","E","R","E","T","R","M","?","$","$","R","B",null,"M","M","?","$","M","R","$","R","T","M","T","M","?","M","R","B"],"character_chosen":"DEFECT","items_purchased":["Beam Cell","Go for the Eyes","Lee\u0027s Waffle","Dark Shackles"],"campfire_rested":3,"item_purchase_floors":[3,13,13,21],"current_hp_per_floor":[64,64,64,64,57,57,57,42,42,42,30,30,78,78,78,48,71,52,40,40,40,17,40,40,63,63,47,47,17,17,11,34,0],"gold":74,"neow_bonus":"THREE_ENEMY_KILL","is_prod":false,"is_daily":false,"chose_seed":false,"campfire_upgraded":3,"win_rate":0,"timestamp":1704030459,"path_taken":["M","?","?","?","?","E","R","E","T","R","M","?","?","$","R","BOSS","M","M","?","$","M","R","$","R","T","M","?","M","?","M","R","BOSS"],"build_version":"2022-12-18","purchased_purges":0,"victory":false,"max_hp_per_floor":[71,71,71,71,71,71,71,71,71,71,71,71,78,78,78,78,78,78,78,78,78,78,78,78,78,78,78,78,78,78,78,78,78],"card_choices":[{"not_picked":["Chaos","Redo"],"picked":"Skim","floor":1},{"not_picked":["Storm","Streamline"],"picked":"Gash","floor":4},{"not_picked":["Genetic Algorithm","Stack"],"picked":"Beam Cell","floor":6},{"not_picked":["BootSequence","Turbo"],"picked":"Scrape","floor":8},{"not_picked":["Ball Lightning","Fusion"],"picked":"Rebound","floor":11},{"not_picked":["Rainbow","Buffer"],"picked":"Reboot","floor":16},{"not_picked":["Turbo","Storm","Rebound"],"picked":"SKIP","floor":18},{"not_picked":["Leap","Beam Cell"],"picked":"Hologram","floor":19},{"not_picked":["Reprogram","Blizzard","Ball Lightning"],"picked":"SKIP","floor":22},{"not_picked":["Coolheaded","Defragment","Barrage"],"picked":"SKIP","floor":27},{"not_picked":["Rebound","Ball Lightning","Sweeping Beam"],"picked":"SKIP","floor":29},{"not_picked":["Force Field","Ball Lightning","Turbo"],"picked":"SKIP","floor":31}],"player_experience":619824,"relics_obtained":[{"floor":6,"key":"Tiny Chest"},{"floor":8,"key":"Pocketwatch"},{"floor":9,"key":"Centennial Puzzle"},{"floor":26,"key":"Ornamental Fan"},{"floor":28,"key":"Kunai"},{"floor":30,"key":"Smiling Mask"}],"event_choices":[{"cards_removed":["Defend_B"],"damage_healed":0,"gold_gain":0,"player_choice":"Offered Basic","damage_taken":0,"max_hp_gain":0,"max_hp_loss":0,"event_name":"Bonfire Elementals","floor":2,"gold_loss":0},{"cards_removed":["Strike_B"],"damage_healed":0,"gold_gain":0,"player_choice":"Card Removal","damage_taken":7,"max_hp_gain":0,"max_hp_loss":0,"event_name":"Golden Wing","floor":5,"gold_loss":0},{"damage_healed":0,"gold_gain":0,"player_choice":"Grow","damage_taken":0,"max_hp_gain":0,"max_hp_loss":0,"event_name":"Living Wall","floor":12,"gold_loss":0,"cards_upgraded":["Beam Cell"]},{"damage_healed":0,"gold_gain":0,"cards_transformed":["Defend_B"],"player_choice":"Transformed","damage_taken":0,"max_hp_gain":0,"max_hp_loss":0,"event_name":"Transmorgrifier","floor":20,"gold_loss":0,"cards_obtained":["Echo Form"]},{"damage_healed":0,"gold_gain":0,"player_choice":"Relic","damage_taken":0,"max_hp_gain":0,"max_hp_loss":0,"event_name":"Wheel of Change","floor":30,"gold_loss":0}],"is_beta":false,"boss_relics":[{"not_picked":["Philosopher\u0027s Stone","Black Star"],"picked":"Empty Cage"}],"items_purged_floors":[],"is_endless":false,"potions_floor_spawned":[1,11,18,27,29],"killed_by":"Collector","ascension_level":17}