{"gold_per_floor":[112,125,143,108,183,183,218,218,218,63,63,77,77,77,77,152,152,164,32,32,46,72,72],"floor_reached":23,"playtime":567,"items_purged":[],"score":346,"play_id":"e5efd7a8-18b4-4f52-8cba-4de8ab1f0e44","local_time":"20240107132452","is_ascension_mode":true,"campfire_choices":[{"data":"Rip and Tear","floor":6,"key":"SMITH"},{"data":"Loop","floor":8,"key":"SMITH"},{"floor":13,"key":"REST"},{"floor":15,"key":"REST"}],"neow_cost":"NONE","seed_source_timestamp":12555744801700,"circlet_count":0,"master_deck":["AscendersBane","Strike_B","Strike_B","Defend_B","Defend_B","Defend_B","Defend_B","Zap","Dualcast","Meteor Strike","Rip and Tear+1","Beam Cell","Loop+1","White Noise+1","Storm","Loop","Electrodynamics+1","Compile Driver","Static Discharge+1","Necronomicurse","Sunder"],"relics":["Cracked Core","Peace Pipe","Mummified Hand","Frozen Egg 2","Empty Cage","Necronomicon","Vajra"],"potions_floor_usage":[12,18,21,23],"damage_taken":[{"damage":7,"enemies":"2 Louse","floor":1,"turns":2},{"damage":9,"enemies":"Jaw Worm","floor":2,"turns":4},{"damage":0,"enemies":"Cultist","floor":3,"turns":3},{"damage":25,"enemies":"Lagavulin","floor":7,"turns":5},{"damage":14,"enemies":"Exordium Thugs","floor":12,"turns":4},{"damage":44,"enemies":"The Guardian","floor":16,"turns":12},{"damage":0,"enemies":"Spheric Guardian","floor":18,"turns":1},{"damage":10,"enemies":"2 Thieves","floor":21,"turns":2},{"damage":35,"enemies":"Gremlin Leader","floor":23,"turns":2}],"seed_played":"6714904620342285036","potions_obtained":[{"floor":7,"key":"ColorlessPotion"},{"floor":16,"key":"SneckoOil"},{"floor":18,"key":"SpeedPotion"}],"is_trial":false,"path_per_floor":["M","M","M","?","?","R","E","R","T","$","?","M","R","T","R","B",null,"M","$","?","M","T","E"],"character_chosen":"DEFECT","items_purchased":["White Noise","Storm","Static Discharge+1","Block Potion"],"campfire_rested":2,"item_purchase_floors":[10,10,19,19],"current_hp_per_floor":[57,48,48,65,54,54,29,29,29,29,29,15,36,36,57,13,57,57,57,36,26,26,0],"gold":72,"neow_bonus":"ONE_RANDOM_RARE_CARD","is_prod":false,"is_daily":false,"chose_seed":false,"campfire_upgraded":2,"win_rate":0,"timestamp":1704626692,"path_taken":["M","M","M","?","?","R","E","R","T","?","?","?","R","?","R","BOSS","M","$","?","M","?","E"],"build_version":"2022-12-18","purchased_purges":0,"victory":false,"max_hp_per_floor":[71,71,71,71,71,71,71,71,71,71,71,71,71,71,71,71,71,71,71,71,71,71,71],"card_choices":[{"not_picked":["Cold Snap","Rebound","Tempest"],"picked":"SKIP","floor":1},{"not_picked":["Defragment","Chill"],"picked":"Rip and Tear","floor":2},{"not_picked":["Double Energy","Barrage"],"picked":"Beam Cell","floor":3},{"not_picked":["Barrage","Chaos"],"picked":"Loop","floor":7},{"not_picked":["Scrape","Go for the Eyes"],"picked":"Loop","floor":12},{"not_picked":["Rainbow","Meteor Strike"],"picked":"Electrodynamics+1","floor":16},{"not_picked":["Go for the Eyes","Consume"],"picked":"Compile Driver","floor":18},{"not_picked":["Steam","Auto Shields"],"picked":"Sunder","floor":21}],"player_experience":642498,"relics_obtained":[{"floor":7,"key":"Peace Pipe"},{"floor":9,"key":"Mummified Hand"},{"floor":14,"key":"Frozen Egg 2"},{"floor":20,"key":"Necronomicon"},{"floor":22,"key":"Vajra"}],"event_choices":[{"damage_healed":17,"gold_gain":0,"player_choice":"Healed","damage_taken":0,"max_hp_gain":0,"max_hp_loss":0,"event_name":"The Cleric","floor":4,"gold_loss":35},{"damage_healed":0,"gold_gain":75,"player_choice":"Gather Gold","damage_taken":11,"max_hp_gain":0,"max_hp_loss":0,"event_name":"World of Goop","floor":5,"gold_loss":0},{"damage_healed":0,"gold_gain":0,"player_choice":"Forge","damage_taken":0,"max_hp_gain":0,"max_hp_loss":0,"event_name":"Accursed Blacksmith","floor":11,"gold_loss":0,"cards_upgraded":["White Noise"]},{"damage_healed":0,"gold_gain":0,"player_choice":"Obtained Book","damage_taken":21,"max_hp_gain":0,"max_hp_loss":0,"event_name":"Cursed Tome","floor":20,"gold_loss":0}],"is_beta":false,"boss_relics":[{"not_picked":["Runic Pyramid","Calling Bell"],"picked":"Empty Cage"}],"items_purged_floors":[],"is_endless":false,"potions_floor_spawned":[7,16,18],"killed_by":"Gremlin Leader","ascension_level":17}