{"gold_per_floor":[117,137,150,164,239,239,271,0,24,54,54,54],"floor_reached":12,"playtime":413,"items_purged":[],"score":163,"play_id":"e5758c54-e32c-4482-a9dc-3922f789b6d6","local_time":"20240101025141","is_ascension_mode":true,"campfire_choices":[{"data":"Core Surge","floor":6,"key":"SMITH"}],"neow_cost":"NONE","seed_source_timestamp":30851928880200,"circlet_count":0,"master_deck":["AscendersBane","Strike_B","Strike_B","Strike_B","Strike_B","Defend_B","Defend_B","Defend_B","Defend_B","Zap","Dualcast","Stack","Skim","Defragment","Core Surge+1","Hologram","Leap","Hello World"],"relics":["Cracked Core","Blood Vial","Orichalcum","Omamori","Bronze Scales","Toy Ornithopter"],"potions_floor_usage":[4,7,7,10],"damage_taken":[{"damage":2,"enemies":"Jaw Worm","floor":1,"turns":4},{"damage":0,"enemies":"Small Slimes","floor":2,"turns":2},{"damage":4,"enemies":"2 Louse","floor":3,"turns":4},{"damage":1,"enemies":"Looter","floor":4,"turns":3},{"damage":21,"enemies":"Lagavulin","floor":7,"turns":7},{"damage":20,"enemies":"3 Sentries","floor":10,"turns":7},{"damage":23,"enemies":"The Mushroom Lair","floor":12,"turns":4}],"seed_played":"83119900432753250","potions_obtained":[{"floor":1,"key":"ColorlessPotion"},{"floor":2,"key":"SteroidPotion"},{"floor":4,"key":"Dexterity Potion"}],"is_trial":false,"path_per_floor":["M","M","M","M","?","R","E","$","T","E","?","?"],"character_chosen":"DEFECT","items_purchased":["Orichalcum","Explosive Potion","Leap"],"campfire_rested":0,"item_purchase_floors":[8,8,8],"current_hp_per_floor":[69,69,65,64,53,53,32,32,32,14,14,0],"gold":54,"neow_bonus":"TEN_PERCENT_HP_BONUS","is_prod":false,"is_daily":false,"chose_seed":false,"campfire_upgraded":1,"win_rate":0,"timestamp":1704070301,"path_taken":["M","M","M","M","?","R","E","$","T","E","?","?"],"build_version":"2022-12-18","purchased_purges":0,"victory":false,"max_hp_per_floor":[78,78,78,78,78,78,78,78,78,78,78,78],"card_choices":[{"not_picked":["Go for the Eyes","Chaos"],"picked":"Stack","floor":1},{"not_picked":["Lockon","Hologram"],"picked":"Skim","floor":2},{"not_picked":["Barrage","Reprogram"],"picked":"Defragment","floor":3},{"not_picked":["Steam","Sweeping Beam"],"picked":"Core Surge","floor":4},{"not_picked":["Go for the Eyes","Barrage"],"picked":"Hologram","floor":7},{"not_picked":["Steam","Loop"],"picked":"Hello World","floor":10}],"player_experience":624592,"relics_obtained":[{"floor":7,"key":"Blood Vial"},{"floor":9,"key":"Omamori"},{"floor":10,"key":"Bronze Scales"}],"event_choices":[{"damage_healed":0,"gold_gain":75,"player_choice":"Gather Gold","damage_taken":11,"max_hp_gain":0,"max_hp_loss":0,"event_name":"World of Goop","floor":5,"gold_loss":0},{"damage_healed":0,"gold_gain":0,"player_choice":"Searched \u00271\u0027 times","damage_taken":0,"relics_obtained":["Toy Ornithopter"],"max_hp_gain":0,"max_hp_loss":0,"event_name":"Dead Adventurer","floor":11,"gold_loss":0},{"damage_healed":0,"gold_gain":0,"player_choice":"Fought Mushrooms","damage_taken":0,"max_hp_gain":0,"max_hp_loss":0,"event_name":"Mushrooms","floor":12,"gold_loss":0}],"is_beta":false,"boss_relics":[],"items_purged_floors":[],"is_endless":false,"potions_floor_spawned":[1,2,4],"killed_by":"The Mushroom Lair","ascension_level":17}