{"gold_per_floor":[112,122,142,162,173,173,207,207,207,207,207,218,249,259,259,331,331,348,348,348,365,365,365,400,410,433,451,451,467,467],"floor_reached":30,"playtime":870,"items_purged":[],"score":488,"play_id":"e82d8f34-b947-407b-9bcf-8f4210725078","local_time":"20240101024428","is_ascension_mode":true,"campfire_choices":[{"data":"Sunder","floor":6,"key":"SMITH"},{"floor":11,"key":"REST"},{"floor":15,"key":"REST"},{"floor":23,"key":"REST"},{"floor":28,"key":"REST"}],"neow_cost":"NONE","seed_source_timestamp":29958165289300,"circlet_count":0,"master_deck":["AscendersBane","Strike_B","Strike_B","Strike_B","Strike_B+1","Defend_B","Defend_B","Defend_B","Defend_B","Zap+1","Dualcast","Sweeping Beam","Ball Lightning","Hologram+1","Gash","FTL","Sunder+1","All For One","Gash","Seek","Skim","Gash","Beam Cell+1"],"relics":["Cracked Core","Shuriken","Mercury Hourglass","Art of War","Nuclear Battery","Prayer Wheel","PreservedInsect"],"potions_floor_usage":[7,7,7,13,16,18,24,29],"damage_taken":[{"damage":4,"enemies":"Jaw Worm","floor":1,"turns":5},{"damage":0,"enemies":"Small Slimes","floor":2,"turns":2},{"damage":3,"enemies":"2 Louse","floor":3,"turns":2},{"damage":8,"enemies":"Blue Slaver","floor":4,"turns":4},{"damage":2,"enemies":"Looter","floor":5,"turns":3},{"damage":5,"enemies":"3 Sentries","floor":7,"turns":3},{"damage":0,"enemies":"Exordium Wildlife","floor":12,"turns":1},{"damage":12,"enemies":"Gremlin Nob","floor":13,"turns":3},{"damage":0,"enemies":"Gremlin Gang","floor":14,"turns":2},{"damage":41,"enemies":"The Guardian","floor":16,"turns":7},{"damage":6,"enemies":"Spheric Guardian","floor":18,"turns":3},{"damage":12,"enemies":"2 Thieves","floor":21,"turns":3},{"damage":34,"enemies":"Slavers","floor":24,"turns":3},{"damage":1,"enemies":"Chosen and Byrds","floor":25,"turns":3},{"damage":2,"enemies":"3 Cultists","floor":27,"turns":3},{"damage":29,"enemies":"Centurion and Healer","floor":29,"turns":3},{"damage":18,"enemies":"Snecko","floor":30,"turns":2}],"seed_played":"5306168106981851323","potions_obtained":[{"floor":1,"key":"EntropicBrew"},{"floor":4,"key":"SneckoOil"},{"floor":12,"key":"EssenceOfSteel"},{"floor":16,"key":"BlessingOfTheForge"},{"floor":21,"key":"FearPotion"},{"floor":27,"key":"FocusPotion"}],"is_trial":false,"path_per_floor":["M","M","M","M","M","R","E","?","T","?","R","M","E","M","R","B",null,"M","?","?","M","?","R","E","M","T","M","R","M","M"],"character_chosen":"DEFECT","items_purchased":[],"campfire_rested":4,"item_purchase_floors":[],"current_hp_per_floor":[60,60,57,49,47,47,42,21,21,21,42,42,30,30,51,10,56,50,30,30,18,33,55,21,20,20,18,40,11,0],"gold":467,"neow_bonus":"THREE_CARDS","is_prod":false,"is_daily":false,"chose_seed":false,"campfire_upgraded":1,"win_rate":0,"timestamp":1704069868,"path_taken":["M","M","M","M","M","R","E","?","T","?","R","M","E","M","R","BOSS","M","?","?","M","?","R","E","M","T","M","R","?","M"],"build_version":"2022-12-18","purchased_purges":0,"victory":false,"max_hp_per_floor":[71,71,71,71,71,71,71,71,71,71,71,71,71,71,71,71,71,71,76,76,76,76,76,76,76,76,76,76,76,76],"card_choices":[{"not_picked":["Turbo","Redo"],"picked":"Sweeping Beam","floor":0},{"not_picked":["Consume","Barrage"],"picked":"Ball Lightning","floor":1},{"not_picked":["Redo","Conserve Battery"],"picked":"Hologram","floor":2},{"not_picked":["Leap","Redo"],"picked":"Gash","floor":3},{"not_picked":["Sweeping Beam","Barrage"],"picked":"FTL","floor":4},{"not_picked":["Hyperbeam","Beam Cell"],"picked":"Sunder","floor":5},{"not_picked":["Sweeping Beam","Lockon","Stack"],"picked":"SKIP","floor":7},{"not_picked":["Doom and Gloom","Blizzard","Sunder"],"picked":"SKIP","floor":12},{"not_picked":["Scrape","Ball Lightning"],"picked":"All For One","floor":13},{"not_picked":["Stack","Reprogram"],"picked":"Gash","floor":14},{"not_picked":["Doom and Gloom","Ball Lightning","Streamline"],"picked":"SKIP","floor":18},{"not_picked":["Rebound","Stack+1"],"picked":"Seek","floor":21},{"not_picked":["Multi-Cast","Cold Snap+1"],"picked":"Skim","floor":24},{"not_picked":["Reprogram","Consume"],"picked":"Gash","floor":25},{"not_picked":["Chill","Ball Lightning","Compile Driver"],"picked":"SKIP","floor":25},{"not_picked":["Capacitor","Rebound"],"picked":"Beam Cell+1","floor":27},{"not_picked":["Streamline+1","Barrage","Biased Cognition"],"picked":"SKIP","floor":27},{"not_picked":["Streamline","Redo","Skim+1"],"picked":"SKIP","floor":29},{"not_picked":["Rebound","Heatsinks","Ball Lightning"],"picked":"SKIP","floor":29}],"player_experience":623722,"relics_obtained":[{"floor":7,"key":"Shuriken"},{"floor":9,"key":"Mercury Hourglass"},{"floor":13,"key":"Art of War"},{"floor":24,"key":"Prayer Wheel"},{"floor":26,"key":"PreservedInsect"}],"event_choices":[{"damage_healed":0,"gold_gain":0,"player_choice":"Entered Light","damage_taken":21,"max_hp_gain":0,"max_hp_loss":0,"event_name":"Shining Light","floor":8,"gold_loss":0,"cards_upgraded":["Strike_B","Zap"]},{"damage_healed":0,"gold_gain":0,"player_choice":"Grow","damage_taken":0,"max_hp_gain":0,"max_hp_loss":0,"event_name":"Living Wall","floor":10,"gold_loss":0,"cards_upgraded":["Hologram"]},{"damage_healed":0,"gold_gain":0,"player_choice":"Shed Blood","damage_taken":25,"max_hp_gain":5,"max_hp_loss":0,"event_name":"Forgotten Altar","floor":19,"gold_loss":0},{"damage_healed":0,"gold_gain":0,"player_choice":"Ignored","damage_taken":0,"max_hp_gain":0,"max_hp_loss":0,"event_name":"The Mausoleum","floor":20,"gold_loss":0},{"damage_healed":15,"gold_gain":0,"player_choice":"Heal","damage_taken":0,"max_hp_gain":0,"max_hp_loss":0,"event_name":"The Library","floor":22,"gold_loss":0}],"is_beta":false,"boss_relics":[{"not_picked":["Sozu","Calling Bell"],"picked":"Nuclear Battery"}],"items_purged_floors":[],"is_endless":false,"potions_floor_spawned":[1,4,12,16,21,27],"killed_by":"Snecko","ascension_level":17}