{"gold_per_floor":[116,29,29,79,96,96,168,193,193,193,206,225,236,267,267,343,393,407,407,421,438,138,163,163,213,283,283,295,26,26],"floor_reached":30,"playtime":1307,"items_purged":["Strike_B"],"score":662,"play_id":"a455a952-65e9-40ea-9906-4f5bfe37b6b9","local_time":"20240108010908","is_ascension_mode":true,"campfire_choices":[{"data":"Glacier","floor":6,"key":"SMITH"},{"data":"Defragment","floor":15,"key":"SMITH"},{"data":"Blizzard","floor":24,"key":"SMITH"},{"floor":27,"key":"REST"}],"neow_cost":"NONE","seed_source_timestamp":54118453551800,"circlet_count":0,"master_deck":["AscendersBane","Strike_B","Strike_B","Strike_B","Defend_B","Defend_B","Defend_B+1","Zap","Dualcast","Defragment+1","Glacier+1","Conserve Battery","Genetic Algorithm+1","Seek","Streamline","Core Surge","Blizzard+1","Blur+1","Discovery+1"],"relics":["Cracked Core","NeowsBlessing","StrikeDummy","PreservedInsect","White Beast Statue","Gremlin Horn","Tiny House","Smiling Mask","PrismaticShard","Toxic Egg 2","Matryoshka","Regal Pillow"],"potions_floor_usage":[12,13,14,16,16,18,21,21,23,23,28,30],"damage_taken":[{"damage":0,"enemies":"Cultist","floor":1,"turns":1},{"damage":0,"enemies":"Jaw Worm","floor":5,"turns":1},{"damage":0,"enemies":"Gremlin Nob","floor":8,"turns":1},{"damage":0,"enemies":"Small Slimes","floor":11,"turns":4},{"damage":0,"enemies":"Red Slaver","floor":12,"turns":4},{"damage":0,"enemies":"Exordium Wildlife","floor":13,"turns":4},{"damage":5,"enemies":"3 Sentries","floor":14,"turns":8},{"damage":0,"enemies":"Hexaghost","floor":16,"turns":13},{"damage":0,"enemies":"Shell Parasite","floor":18,"turns":7},{"damage":12,"enemies":"Chosen","floor":20,"turns":5},{"damage":24,"enemies":"Centurion and Healer","floor":21,"turns":20},{"damage":0,"enemies":"Gremlin Leader","floor":23,"turns":7},{"damage":5,"enemies":"Shelled Parasite and Fungi","floor":28,"turns":8},{"damage":51,"enemies":"3 Cultists","floor":30,"turns":5}],"seed_played":"-8089885684261552608","potions_obtained":[{"floor":5,"key":"Block Potion"},{"floor":11,"key":"Weak Potion"},{"floor":12,"key":"PowerPotion"},{"floor":13,"key":"Ancient Potion"},{"floor":14,"key":"PotionOfCapacity"},{"floor":16,"key":"DuplicationPotion"},{"floor":17,"key":"EssenceOfSteel"},{"floor":18,"key":"Swift Potion"},{"floor":20,"key":"SpeedPotion"},{"floor":21,"key":"EssenceOfDarkness"},{"floor":23,"key":"Weak Potion"},{"floor":28,"key":"Block Potion"}],"is_trial":false,"path_per_floor":["M","$","?","?","M","R","T","E","T","?","M","M","M","E","R","B",null,"M","?","M","M","$","E","R","?","T","R","M","$","M"],"character_chosen":"DEFECT","items_purchased":["Glacier","PrismaticShard","PotionOfCapacity","Regal Pillow","Discovery+1"],"campfire_rested":1,"item_purchase_floors":[2,22,22,29,29],"current_hp_per_floor":[64,64,57,57,57,57,57,57,57,57,57,57,57,52,52,52,71,71,71,59,35,35,35,35,28,28,50,45,45,0],"gold":26,"neow_bonus":"THREE_ENEMY_KILL","is_prod":false,"is_daily":false,"chose_seed":false,"campfire_upgraded":3,"win_rate":0,"timestamp":1704668948,"path_taken":["M","?","?","?","?","R","?","E","T","?","M","M","M","E","R","BOSS","M","?","M","?","$","E","R","?","T","R","M","$","?"],"build_version":"2022-12-18","purchased_purges":1,"victory":false,"max_hp_per_floor":[71,71,71,71,71,71,71,71,71,71,71,71,71,71,71,71,76,76,76,76,76,76,76,76,76,76,76,76,76,76],"card_choices":[{"not_picked":["Hologram","Go for the Eyes"],"picked":"Defragment","floor":1},{"not_picked":["Turbo","Leap"],"picked":"Conserve Battery","floor":5},{"not_picked":["Scrape","Loop"],"picked":"Genetic Algorithm","floor":8},{"not_picked":["Leap","Storm"],"picked":"Seek","floor":11},{"not_picked":["Steam","Rebound","Aggregate"],"picked":"SKIP","floor":12},{"not_picked":["Storm","Compile Driver","Redo"],"picked":"SKIP","floor":13},{"not_picked":["Redo","BootSequence"],"picked":"Streamline","floor":14},{"not_picked":["Hyperbeam","Electrodynamics"],"picked":"Core Surge","floor":16},{"not_picked":["Storm","Reinforced Body","Steam"],"picked":"SKIP","floor":18},{"not_picked":["Rebound","Scrape","Sweeping Beam"],"picked":"SKIP","floor":20},{"not_picked":["Cold Snap","Tempest"],"picked":"Blizzard","floor":21},{"not_picked":["Turbo+1","Rip and Tear","Finisher"],"picked":"SKIP","floor":23},{"not_picked":["Indignation+1","Anger"],"picked":"Blur+1","floor":28}],"player_experience":647872,"relics_obtained":[{"floor":7,"key":"StrikeDummy"},{"floor":8,"key":"PreservedInsect"},{"floor":9,"key":"White Beast Statue"},{"floor":14,"key":"Gremlin Horn"},{"floor":23,"key":"Toxic Egg 2"},{"floor":26,"key":"Matryoshka"}],"event_choices":[{"cards_removed":["Defend_B"],"damage_healed":0,"gold_gain":0,"player_choice":"Card Removal","damage_taken":7,"max_hp_gain":0,"max_hp_loss":0,"event_name":"Golden Wing","floor":3,"gold_loss":0},{"damage_healed":0,"gold_gain":50,"player_choice":"Pray","damage_taken":0,"max_hp_gain":0,"max_hp_loss":0,"event_name":"Golden Shrine","floor":4,"gold_loss":0},{"damage_healed":0,"gold_gain":0,"player_choice":"Upgraded","damage_taken":0,"max_hp_gain":0,"max_hp_loss":0,"event_name":"Upgrade Shrine","floor":10,"gold_loss":0,"cards_upgraded":["Genetic Algorithm"]},{"damage_healed":0,"gold_gain":0,"player_choice":"Gave Potion","damage_taken":0,"relics_obtained":["Smiling Mask"],"max_hp_gain":0,"max_hp_loss":0,"event_name":"WeMeetAgain","floor":19,"gold_loss":0},{"damage_healed":0,"gold_gain":50,"player_choice":"Touch","damage_taken":7,"max_hp_gain":0,"max_hp_loss":0,"event_name":"FaceTrader","floor":25,"gold_loss":0}],"is_beta":false,"boss_relics":[{"not_picked":["Ectoplasm","Calling Bell"],"picked":"Tiny House"}],"items_purged_floors":[22],"is_endless":false,"potions_floor_spawned":[5,11,12,13,14,16,18,20,21,23,28],"killed_by":"3 Cultists","ascension_level":17}