{"gold_per_floor":[362,22,22,172,212,262,296,296,342,374,400,236,269,309,309,309],"floor_reached":16,"playtime":401,"items_purged":[],"score":207,"play_id":"fd3c0996-18ca-407a-86be-135dc8c023c3","local_time":"20240107134558","is_ascension_mode":true,"campfire_choices":[{"floor":8,"key":"REST"},{"floor":15,"key":"REST"}],"neow_cost":"CURSE","seed_source_timestamp":14012013505300,"circlet_count":0,"master_deck":["AscendersBane","Strike_B","Strike_B","Strike_B","Strike_B","Defend_B","Defend_B","Defend_B","Defend_B","Zap","Dualcast","Decay","Rip and Tear","HandOfGreed","Doubt","Gash","Buffer","Gash","Beam Cell","Ball Lightning","White Noise","Gash","Biased Cognition","Streamline","Streamline","Stack","Scrape"],"relics":["Cracked Core","Toy Ornithopter","DataDisk","Emotion Chip","PreservedInsect","Smiling Mask","Orrery"],"potions_floor_usage":[6,10,16,16],"damage_taken":[{"damage":3,"enemies":"2 Louse","floor":1,"turns":2},{"damage":2,"enemies":"Jaw Worm","floor":5,"turns":2},{"damage":32,"enemies":"Lagavulin","floor":6,"turns":4},{"damage":2,"enemies":"Cultist","floor":7,"turns":3},{"damage":12,"enemies":"Large Slime","floor":10,"turns":4},{"damage":9,"enemies":"Gremlin Nob","floor":11,"turns":4},{"damage":18,"enemies":"Lots of Slimes","floor":13,"turns":4},{"damage":11,"enemies":"Looter","floor":14,"turns":2},{"damage":32,"enemies":"The Guardian","floor":16,"turns":8}],"seed_played":"-6932749019980921756","potions_obtained":[{"floor":5,"key":"FearPotion"},{"floor":6,"key":"SteroidPotion"},{"floor":7,"key":"Block Potion"},{"floor":14,"key":"Swift Potion"}],"is_trial":false,"path_per_floor":["M","$","?","?","M","E","M","R","T","M","E","$","M","M","R","B"],"character_chosen":"DEFECT","items_purchased":["HandOfGreed","Toy Ornithopter","Orrery"],"campfire_rested":2,"item_purchase_floors":[2,2,12],"current_hp_per_floor":[61,61,56,56,54,27,25,46,46,39,30,30,12,1,22,0],"gold":309,"neow_bonus":"TWO_FIFTY_GOLD","is_prod":false,"is_daily":false,"chose_seed":false,"campfire_upgraded":0,"win_rate":0,"timestamp":1704627958,"path_taken":["M","$","?","?","M","E","M","R","T","M","E","?","M","?","R","BOSS"],"build_version":"2022-12-18","purchased_purges":0,"victory":false,"max_hp_per_floor":[71,71,71,71,71,71,71,71,71,71,71,71,71,71,71,71],"card_choices":[{"not_picked":["Conserve Battery","Consume"],"picked":"Rip and Tear","floor":1},{"not_picked":["Ball Lightning","Tempest"],"picked":"Gash","floor":5},{"not_picked":["Melter","Chaos"],"picked":"Buffer","floor":6},{"not_picked":["Go for the Eyes","Force Field"],"picked":"Gash","floor":7},{"not_picked":["Redo","Rebound"],"picked":"Beam Cell","floor":10},{"not_picked":["Heatsinks","Redo"],"picked":"Ball Lightning","floor":11},{"not_picked":["Conserve Battery","Stack"],"picked":"White Noise","floor":12},{"not_picked":["Compile Driver","Beam Cell"],"picked":"Gash","floor":12},{"not_picked":["Go for the Eyes","Compile Driver"],"picked":"Biased Cognition","floor":12},{"not_picked":["Cold Snap","Rebound"],"picked":"Streamline","floor":12},{"not_picked":["Capacitor","Tempest"],"picked":"Streamline","floor":12},{"not_picked":["Darkness","Heatsinks"],"picked":"Stack","floor":13},{"not_picked":["Genetic Algorithm","Storm"],"picked":"Scrape","floor":14}],"player_experience":643868,"relics_obtained":[{"floor":6,"key":"Emotion Chip"},{"floor":9,"key":"PreservedInsect"},{"floor":11,"key":"Smiling Mask"}],"event_choices":[{"damage_healed":0,"gold_gain":0,"player_choice":"Success","damage_taken":5,"relics_obtained":["DataDisk"],"max_hp_gain":0,"max_hp_loss":0,"event_name":"Scrap Ooze","floor":3,"gold_loss":0},{"damage_healed":0,"gold_gain":150,"player_choice":"AGREE","damage_taken":0,"max_hp_gain":0,"max_hp_loss":0,"event_name":"Liars Game","floor":4,"gold_loss":0,"cards_obtained":["Doubt"]}],"is_beta":false,"boss_relics":[],"items_purged_floors":[],"is_endless":false,"potions_floor_spawned":[5,6,7,14],"killed_by":"The Guardian","ascension_level":17}