{"gold_per_floor":[112,112,128,142,63,63,96,96,145,175,175,17,27,88,88,159,159,171,61,79,2,2],"floor_reached":22,"playtime":599,"items_purged":[],"score":374,"play_id":"7a347faa-df8d-4ac9-89a3-18e03f90f9bc","local_time":"20240110230942","is_ascension_mode":true,"campfire_choices":[{"data":"Streamline","floor":6,"key":"SMITH"},{"floor":8,"key":"REST"},{"floor":11,"key":"REST"},{"data":"Rebound","floor":15,"key":"SMITH"}],"neow_cost":"NONE","seed_source_timestamp":19126244092900,"circlet_count":0,"master_deck":["AscendersBane","Strike_B","Strike_B","Strike_B","Defend_B","Defend_B","Defend_B+1","Defend_B","Zap","Dualcast","Rebound+1","Capacitor","Streamline+1","Melter","Cold Snap","Gash","Gash","Fission","CurseOfTheBell","Beam Cell","Skim"],"relics":["Cracked Core","NeowsBlessing","Tiny Chest","Nunchaku","Bronze Scales","DollysMirror","Calling Bell","Bag of Preparation","Symbiotic Virus","Pocketwatch"],"potions_floor_usage":[7,10,13,16],"damage_taken":[{"damage":0,"enemies":"Jaw Worm","floor":1,"turns":1},{"damage":0,"enemies":"Cultist","floor":3,"turns":1},{"damage":0,"enemies":"2 Louse","floor":4,"turns":1},{"damage":35,"enemies":"Lagavulin","floor":7,"turns":5},{"damage":28,"enemies":"Gremlin Nob","floor":10,"turns":4},{"damage":8,"enemies":"Gremlin Gang","floor":13,"turns":4},{"damage":31,"enemies":"Slime Boss","floor":16,"turns":10},{"damage":43,"enemies":"2 Thieves","floor":18,"turns":4},{"damage":0,"enemies":"Spheric Guardian","floor":20,"turns":2},{"damage":18,"enemies":"Snecko","floor":22,"turns":2}],"seed_played":"-4227216227323826712","potions_obtained":[{"floor":3,"key":"AttackPotion"},{"floor":4,"key":"Strength Potion"},{"floor":10,"key":"Block Potion"},{"floor":13,"key":"FearPotion"}],"is_trial":false,"path_per_floor":["M","?","M","M","$","R","E","R","T","E","R","$","M","?","R","B",null,"M","?","M","$","M"],"character_chosen":"DEFECT","items_purchased":["Melter","DollysMirror","Skim"],"campfire_rested":2,"item_purchase_floors":[5,12,21],"current_hp_per_floor":[64,64,64,64,64,64,29,50,50,22,43,43,35,35,35,4,54,11,11,11,11,0],"gold":2,"neow_bonus":"THREE_ENEMY_KILL","is_prod":false,"is_daily":false,"chose_seed":false,"campfire_upgraded":2,"win_rate":0,"timestamp":1704920982,"path_taken":["M","?","M","?","$","R","E","R","T","E","R","$","M","?","R","BOSS","M","?","M","$","M"],"build_version":"2022-12-18","purchased_purges":0,"victory":false,"max_hp_per_floor":[71,71,71,71,71,71,71,71,71,71,71,71,71,71,71,71,71,71,71,71,71,71],"card_choices":[{"not_picked":["Turbo","Steam"],"picked":"Rebound","floor":1},{"not_picked":["Reinforced Body","Fusion"],"picked":"Capacitor","floor":3},{"not_picked":["Heatsinks","Loop"],"picked":"Streamline","floor":4},{"not_picked":["Skim","Beam Cell"],"picked":"Cold Snap","floor":7},{"not_picked":["Chill","Loop"],"picked":"Gash","floor":10},{"not_picked":["Steam","Turbo","Cold Snap"],"picked":"SKIP","floor":13},{"not_picked":["Thunder Strike","Rainbow"],"picked":"Fission","floor":16},{"not_picked":["Coolheaded","Rebound"],"picked":"Beam Cell","floor":18},{"not_picked":["Heatsinks","Coolheaded","Melter+1"],"picked":"SKIP","floor":20}],"player_experience":658373,"relics_obtained":[{"floor":7,"key":"Tiny Chest"},{"floor":9,"key":"Nunchaku"},{"floor":10,"key":"Bronze Scales"},{"floor":17,"key":"Bag of Preparation"},{"floor":17,"key":"Symbiotic Virus"},{"floor":17,"key":"Pocketwatch"}],"event_choices":[{"damage_healed":0,"gold_gain":0,"player_choice":"0 cards matched","damage_taken":0,"max_hp_gain":0,"max_hp_loss":0,"event_name":"Match and Keep!","floor":2,"gold_loss":0,"cards_obtained":[]},{"damage_healed":0,"gold_gain":61,"player_choice":"Gained Gold","damage_taken":0,"max_hp_gain":0,"max_hp_loss":0,"event_name":"Golden Wing","floor":14,"gold_loss":0},{"cards_removed":["Strike_B"],"damage_healed":0,"gold_gain":0,"player_choice":"Upgrade and Remove","damage_taken":0,"max_hp_gain":0,"max_hp_loss":0,"event_name":"Designer","floor":19,"gold_loss":110,"cards_upgraded":["Defend_B"]}],"is_beta":false,"boss_relics":[{"not_picked":["Busted Crown","Runic Pyramid"],"picked":"Calling Bell"}],"items_purged_floors":[],"is_endless":false,"potions_floor_spawned":[3,4,10,13],"killed_by":"Snecko","ascension_level":19}