{"gold_per_floor":[116,191,191,208,49,75,75,87,87,113,128,128,139,156,156,234,234,253,178,10,26,37,65,83,83],"floor_reached":25,"playtime":838,"items_purged":["Strike_B"],"score":481,"play_id":"a56e0196-d4e2-4e61-aa64-e066767024b7","local_time":"20240101030548","is_ascension_mode":true,"campfire_choices":[{"data":"Rip and Tear","floor":7,"key":"SMITH"},{"data":"Creative AI","floor":12,"key":"SMITH"},{"data":"Streamline","floor":15,"key":"SMITH"}],"neow_cost":"NONE","seed_source_timestamp":31274217783100,"circlet_count":0,"master_deck":["AscendersBane","Strike_B+1","Strike_B+1","Strike_B","Defend_B","Defend_B","Defend_B","Zap","Dualcast","Streamline+1","Chill","Rip and Tear+1","Sweeping Beam+1","Barrage+1","Creative AI+1","Glacier+1","Amplify+1","Self Repair","Streamline+1","Conserve Battery+1","Glacier+1"],"relics":["Cracked Core","NeowsBlessing","Molten Egg 2","Toxic Egg 2","Whetstone","Snecko Eye","Omamori","Mummified Hand"],"potions_floor_usage":[10,16,16,22,25],"damage_taken":[{"damage":0,"enemies":"Small Slimes","floor":1,"turns":1},{"damage":0,"enemies":"2 Louse","floor":4,"turns":1},{"damage":0,"enemies":"Gremlin Nob","floor":6,"turns":1},{"damage":7,"enemies":"Jaw Worm","floor":8,"turns":3},{"damage":9,"enemies":"Lagavulin","floor":10,"turns":5},{"damage":9,"enemies":"Looter","floor":11,"turns":2},{"damage":0,"enemies":"Exordium Wildlife","floor":13,"turns":2},{"damage":0,"enemies":"2 Fungi Beasts","floor":14,"turns":3},{"damage":32,"enemies":"Hexaghost","floor":16,"turns":9},{"damage":8,"enemies":"2 Thieves","floor":18,"turns":5},{"damage":12,"enemies":"Shell Parasite","floor":21,"turns":5},{"damage":21,"enemies":"Centurion and Healer","floor":22,"turns":5},{"damage":33,"enemies":"Book of Stabbing","floor":23,"turns":7},{"damage":5,"enemies":"Shelled Parasite and Fungi","floor":24,"turns":4},{"damage":25,"enemies":"Gremlin Leader","floor":25,"turns":6}],"seed_played":"7479780437051132622","potions_obtained":[{"floor":6,"key":"Block Potion"},{"floor":10,"key":"Regen Potion"},{"floor":11,"key":"EssenceOfSteel"},{"floor":13,"key":"PowerPotion"},{"floor":21,"key":"BlessingOfTheForge"},{"floor":23,"key":"FearPotion"}],"is_trial":false,"path_per_floor":["M","?","?","M","$","E","R","M","T","E","M","R","M","M","R","B",null,"M","?","$","M","M","E","M","E"],"character_chosen":"DEFECT","items_purchased":["Rip and Tear","Omamori"],"campfire_rested":0,"item_purchase_floors":[5,20],"current_hp_per_floor":[64,64,69,69,69,69,69,62,62,53,44,44,44,44,44,27,64,56,56,56,44,37,11,13,0],"gold":83,"neow_bonus":"THREE_ENEMY_KILL","is_prod":false,"is_daily":false,"chose_seed":false,"campfire_upgraded":3,"win_rate":0,"timestamp":1704071148,"path_taken":["M","?","?","M","?","E","R","M","T","E","M","R","M","M","R","BOSS","M","?","$","M","M","E","M","E"],"build_version":"2022-12-18","purchased_purges":1,"victory":false,"max_hp_per_floor":[71,71,76,76,76,76,76,76,76,76,76,76,76,76,76,76,76,76,76,76,76,76,76,76,76],"card_choices":[{"not_picked":["Barrage","Stack"],"picked":"Streamline","floor":1},{"not_picked":["Force Field","Double Energy"],"picked":"Chill","floor":4},{"not_picked":["Stack","Barrage+1"],"picked":"Sweeping Beam+1","floor":6},{"not_picked":["Rebound+1","Go for the Eyes+1"],"picked":"Barrage+1","floor":8},{"not_picked":["Auto Shields+1","Loop"],"picked":"Creative AI","floor":10},{"not_picked":["Chill+1","Go for the Eyes+1"],"picked":"Glacier+1","floor":11},{"not_picked":["Loop","Hello World","Scrape+1"],"picked":"SKIP","floor":13},{"not_picked":["Reinforced Body+1","Leap+1","Hello World"],"picked":"SKIP","floor":14},{"not_picked":["Fission+1","Machine Learning"],"picked":"Amplify+1","floor":16},{"not_picked":["Cold Snap+1","Heatsinks"],"picked":"Self Repair","floor":18},{"not_picked":["Heatsinks+1","Chaos+1"],"picked":"Streamline+1","floor":21},{"not_picked":["Genetic Algorithm+1","Beam Cell+1"],"picked":"Conserve Battery+1","floor":22},{"not_picked":["Hello World","Turbo+1"],"picked":"Glacier+1","floor":23},{"not_picked":["Streamline+1","Conserve Battery+1","Redo+1"],"picked":"SKIP","floor":24}],"player_experience":625005,"relics_obtained":[{"floor":6,"key":"Molten Egg 2"},{"floor":9,"key":"Toxic Egg 2"},{"floor":10,"key":"Whetstone"},{"floor":23,"key":"Mummified Hand"}],"event_choices":[{"damage_healed":0,"gold_gain":75,"player_choice":"Gained Gold","damage_taken":0,"max_hp_gain":0,"max_hp_loss":0,"event_name":"Golden Wing","floor":2,"gold_loss":0},{"damage_healed":0,"gold_gain":0,"player_choice":"Donut","damage_taken":0,"max_hp_gain":5,"max_hp_loss":0,"event_name":"Big Fish","floor":3,"gold_loss":0},{"cards_removed":["Defend_B"],"damage_healed":0,"gold_gain":0,"player_choice":"Gave Gold","damage_taken":0,"max_hp_gain":0,"max_hp_loss":0,"event_name":"Beggar","floor":19,"gold_loss":75}],"is_beta":false,"boss_relics":[{"not_picked":["Philosopher\u0027s Stone","Coffee Dripper"],"picked":"Snecko Eye"}],"items_purged_floors":[5],"is_endless":false,"potions_floor_spawned":[6,10,11,13,21,23],"killed_by":"Gremlin Leader","ascension_level":17}