{"gold_per_floor":[17,17,28,41,191,216,216,216,216,58,85,10,43,13,13,90,90,109,128,178,9,9],"floor_reached":22,"playtime":799,"items_purged":["Strike_B"],"score":466,"play_id":"1b72883e-b4f8-4638-82b4-57be99e2f077","local_time":"20240106220327","is_ascension_mode":true,"campfire_choices":[{"data":"Hologram","floor":15,"key":"SMITH"}],"neow_cost":"NO_GOLD","seed_source_timestamp":18845695750500,"circlet_count":0,"master_deck":["AscendersBane","Strike_B","Strike_B+1","Strike_B+1","Defend_B","Defend_B","Defend_B","Defend_B","Zap","Dualcast","Buffer+1","Barrage","Hologram","Ball Lightning","Doubt","Biased Cognition","Doom and Gloom","Hologram+1","Thunder Strike","Lockon","Buffer+1"],"relics":["Cracked Core","Ginger","Orichalcum","CaptainsWheel","Whetstone","DataDisk","Frozen Egg 2","Inserter","DollysMirror"],"potions_floor_usage":[11,11,14,18],"damage_taken":[{"damage":2,"enemies":"2 Louse","floor":1,"turns":3},{"damage":0,"enemies":"Jaw Worm","floor":3,"turns":4},{"damage":0,"enemies":"Cultist","floor":4,"turns":4},{"damage":0,"enemies":"Lagavulin","floor":6,"turns":7},{"damage":4,"enemies":"3 Sentries","floor":11,"turns":6},{"damage":0,"enemies":"Gremlin Nob","floor":13,"turns":4},{"damage":4,"enemies":"Exordium Thugs","floor":14,"turns":4},{"damage":29,"enemies":"The Guardian","floor":16,"turns":10},{"damage":20,"enemies":"3 Byrds","floor":18,"turns":5},{"damage":24,"enemies":"Shell Parasite","floor":19,"turns":6},{"damage":19,"enemies":"Snake Plant","floor":22,"turns":4}],"seed_played":"8341235414143221237","potions_obtained":[{"floor":4,"key":"DuplicationPotion"},{"floor":6,"key":"GamblersBrew"},{"floor":14,"key":"Fruit Juice"},{"floor":16,"key":"SkillPotion"}],"is_trial":false,"path_per_floor":["M","?","M","M","?","E","$","?","T","$","E","$","E","M","R","B",null,"M","M","?","$","M"],"character_chosen":"DEFECT","items_purchased":["Whetstone","DollysMirror"],"campfire_rested":0,"item_purchase_floors":[10,21],"current_hp_per_floor":[62,62,62,62,62,62,62,57,57,57,53,53,53,54,54,25,63,43,19,19,19,0],"gold":9,"neow_bonus":"THREE_RARE_CARDS","is_prod":false,"is_daily":false,"chose_seed":false,"campfire_upgraded":1,"win_rate":0,"timestamp":1704571407,"path_taken":["M","?","M","M","?","E","?","?","T","$","E","$","E","M","R","BOSS","M","M","?","$","?"],"build_version":"2022-12-18","purchased_purges":1,"victory":false,"max_hp_per_floor":[71,71,71,71,71,71,71,71,71,71,71,71,71,76,76,76,76,76,76,76,76,76],"card_choices":[{"not_picked":["Hyperbeam","Echo Form"],"picked":"Buffer","floor":0},{"not_picked":["Leap","Cold Snap"],"picked":"Barrage","floor":1},{"not_picked":["Streamline","Turbo"],"picked":"Hologram","floor":3},{"not_picked":["Rebound","Scrape"],"picked":"Ball Lightning","floor":4},{"not_picked":["Hologram","Steam"],"picked":"Biased Cognition","floor":6},{"not_picked":["Redo","Sweeping Beam"],"picked":"Doom and Gloom","floor":11},{"not_picked":["Chaos","Turbo","Rebound"],"picked":"SKIP","floor":13},{"not_picked":["Steam Power","Coolheaded"],"picked":"Hologram","floor":14},{"not_picked":["Fission","Multi-Cast"],"picked":"Thunder Strike","floor":16},{"not_picked":["Compile Driver","Sweeping Beam"],"picked":"Lockon","floor":18},{"not_picked":["Coolheaded","Aggregate","Reprogram"],"picked":"SKIP","floor":19}],"player_experience":635228,"relics_obtained":[{"floor":6,"key":"Ginger"},{"floor":9,"key":"CaptainsWheel"},{"floor":11,"key":"DataDisk"},{"floor":13,"key":"Frozen Egg 2"}],"event_choices":[{"damage_healed":0,"gold_gain":0,"player_choice":"Grow","damage_taken":0,"max_hp_gain":0,"max_hp_loss":0,"event_name":"Living Wall","floor":2,"gold_loss":0,"cards_upgraded":["Buffer"]},{"damage_healed":0,"gold_gain":150,"player_choice":"AGREE","damage_taken":0,"max_hp_gain":0,"max_hp_loss":0,"event_name":"Liars Game","floor":5,"gold_loss":0,"cards_obtained":["Doubt"]},{"damage_healed":0,"gold_gain":0,"player_choice":"Success","damage_taken":5,"relics_obtained":["Orichalcum"],"max_hp_gain":0,"max_hp_loss":0,"event_name":"Scrap Ooze","floor":8,"gold_loss":0},{"damage_healed":0,"gold_gain":100,"player_choice":"Bet on Murderer","damage_taken":0,"max_hp_gain":0,"max_hp_loss":0,"event_name":"The Joust","floor":20,"gold_loss":50}],"is_beta":false,"boss_relics":[{"not_picked":["Sozu","Tiny House"],"picked":"Inserter"}],"items_purged_floors":[12],"is_endless":false,"potions_floor_spawned":[4,6,14,16],"killed_by":"Snake Plant","ascension_level":17}