{"gold_per_floor":[13,29,42,54,73,98,98,98,122,122,148,148,165,197,197,272,272,283,283,296,311,74,74,85,117,193,193,203,216,216],"floor_reached":30,"playtime":1076,"items_purged":["Writhe"],"score":507,"play_id":"ec7dc8d0-3512-4e14-9827-aa8159ed100b","local_time":"20240101123212","is_ascension_mode":true,"campfire_choices":[{"floor":8.0,"key":"REST"},{"floor":10.0,"key":"REST"},{"floor":12,"key":"REST"},{"data":"Genetic Algorithm","floor":15,"key":"SMITH"},{"floor":23,"key":"REST"},{"floor":27,"key":"REST"}],"neow_cost":"NO_GOLD","seed_source_timestamp":3888642427300,"circlet_count":0,"master_deck":["AscendersBane","Strike_B","Defend_B+1","Defend_B","Zap","Dualcast","All For One","Sunder","Stack","Beam Cell","FTL","Redo+1","Genetic Algorithm","Gash","Genetic Algorithm+1","Go for the Eyes","Rebound","Seek","Sunder+1","Double Energy+1","Recycle+1","Reboot","Rip and Tear"],"special_seed":0,"relics":["Cracked Core","Matryoshka","Akabeko","Regal Pillow","Vajra","War Paint","Astrolabe","Anchor","Bronze Scales","Pen Nib","Centennial Puzzle","Toxic Egg 2"],"potions_floor_usage":[11,13,14,18,18,21,25],"damage_taken":[{"damage":1.0,"enemies":"Cultist","floor":1.0,"turns":3.0},{"damage":0.0,"enemies":"2 Louse","floor":2.0,"turns":2.0},{"damage":3.0,"enemies":"Small Slimes","floor":3.0,"turns":3.0},{"damage":9.0,"enemies":"2 Fungi Beasts","floor":4.0,"turns":2.0},{"damage":8.0,"enemies":"Large Slime","floor":5.0,"turns":4.0},{"damage":35.0,"enemies":"Lagavulin","floor":6.0,"turns":4.0},{"damage":16,"enemies":"Gremlin Nob","floor":11,"turns":3},{"damage":20,"enemies":"Exordium Thugs","floor":13,"turns":2},{"damage":22,"enemies":"3 Sentries","floor":14,"turns":5},{"damage":23,"enemies":"Hexaghost","floor":16,"turns":8},{"damage":5,"enemies":"3 Byrds","floor":18,"turns":4},{"damage":11,"enemies":"Shell Parasite","floor":20,"turns":2},{"damage":5,"enemies":"3 Cultists","floor":21,"turns":4},{"damage":22,"enemies":"Centurion and Healer","floor":24,"turns":3},{"damage":33,"enemies":"Gremlin Leader","floor":25,"turns":4},{"damage":8,"enemies":"Snake Plant","floor":28,"turns":2},{"damage":24,"enemies":"Chosen and Byrds","floor":29,"turns":4}],"seed_played":"-826711861206983165","potions_obtained":[{"floor":4.0,"key":"FocusPotion"},{"floor":5.0,"key":"BlessingOfTheForge"},{"floor":6.0,"key":"SneckoOil"},{"floor":13,"key":"Strength Potion"},{"floor":14,"key":"Explosive Potion"},{"floor":16,"key":"PowerPotion"},{"floor":18,"key":"Fire Potion"},{"floor":20,"key":"FearPotion"},{"floor":25,"key":"LiquidBronze"}],"is_trial":false,"path_per_floor":["M","M","M","M","M","E","?","R","T","R","E","R","M","E","R","B",null,"M","?","M","M","$","R","M","E","T","R","M","M","?"],"character_chosen":"DEFECT","items_purchased":["Bronze Scales"],"campfire_rested":5,"item_purchase_floors":[22],"current_hp_per_floor":[63,63,60,51,43,8,8,29,29,65,49,71,51,29,29,6,55,50,50,39,34,34,70,48,15,15,51,43,19,0],"gold":216,"neow_bonus":"TRANSFORM_TWO_CARDS","is_prod":false,"is_daily":false,"chose_seed":false,"campfire_upgraded":1,"win_rate":0,"timestamp":1704105132,"path_taken":["M","M","?","M","M","E","?","R","T","R","E","R","M","E","R","BOSS","M","?","M","M","$","R","M","E","T","R","M","M","?"],"build_version":"2022-12-18","purchased_purges":1,"victory":false,"max_hp_per_floor":[71,71,71,71,71,71,71,71,71,71,71,71,71,71,71,71,71,71,71,71,71,71,71,71,71,71,71,71,71,76],"card_choices":[{"not_picked":["Leap","Turbo"],"picked":"Stack","floor":1.0},{"not_picked":["Capacitor","Reprogram"],"picked":"Beam Cell","floor":2.0},{"not_picked":["Defragment","Beam Cell"],"picked":"FTL","floor":3.0},{"not_picked":["Force Field","Loop"],"picked":"Redo","floor":4.0},{"not_picked":["Cold Snap","Auto Shields"],"picked":"Genetic Algorithm","floor":5.0},{"not_picked":["Aggregate","Steam"],"picked":"Gash","floor":6.0},{"not_picked":["Consume","Lockon"],"picked":"Genetic Algorithm","floor":11},{"not_picked":["Barrage","Reboot"],"picked":"Go for the Eyes","floor":13},{"not_picked":["Redo","Thunder Strike"],"picked":"Rebound","floor":14},{"not_picked":["Fission","Hyperbeam"],"picked":"Seek","floor":16},{"not_picked":["Barrage","Glacier","Darkness"],"picked":"SKIP","floor":18},{"not_picked":["Beam Cell","Turbo","Stack"],"picked":"SKIP","floor":20},{"not_picked":["Reinforced Body","Compile Driver","Turbo+1"],"picked":"SKIP","floor":21},{"not_picked":["Sweeping Beam","Rebound+1"],"picked":"Reboot","floor":24},{"not_picked":["Creative AI","Capacitor","Reinforced Body"],"picked":"SKIP","floor":25},{"not_picked":["Beam Cell","Barrage+1"],"picked":"Rip and Tear","floor":28},{"not_picked":["Sweeping Beam","Redo+1","Barrage"],"picked":"SKIP","floor":29}],"player_experience":625843,"relics_obtained":[{"floor":6.0,"key":"Matryoshka"},{"floor":9.0,"key":"Akabeko"},{"floor":9.0,"key":"Regal Pillow"},{"floor":11,"key":"Vajra"},{"floor":14,"key":"War Paint"},{"floor":25,"key":"Pen Nib"},{"floor":26,"key":"Centennial Puzzle"},{"floor":26,"key":"Toxic Egg 2"}],"event_choices":[{"damage_healed":0.0,"max_hp_gain":0.0,"max_hp_loss":0.0,"gold_gain":0.0,"event_name":"Dead Adventurer","player_choice":"Searched \u00270\u0027 times","floor":7.0,"gold_loss":0.0,"damage_taken":0.0},{"damage_healed":0,"gold_gain":0,"player_choice":"Opened","damage_taken":0,"relics_obtained":["Anchor"],"max_hp_gain":0,"max_hp_loss":0,"event_name":"The Mausoleum","floor":19,"gold_loss":0,"cards_obtained":["Writhe"]}],"is_beta":false,"boss_relics":[{"not_picked":["Black Star","Snecko Eye"],"picked":"Astrolabe"}],"items_purged_floors":[22],"is_endless":false,"potions_floor_spawned":[4,5,6,13,14,16,18,20,25],"ascension_level":17}