{"gold_per_floor":[111,10,20,97,97,112,127,162,213,213,225,225,245,277,277,350,350,369,294,308,308,308],"floor_reached":22,"playtime":553,"items_purged":["Parasite"],"score":363,"play_id":"4882a884-8faf-4b13-9721-af15a480c80f","local_time":"20240107181017","is_ascension_mode":true,"campfire_choices":[{"floor":10,"key":"REST"},{"floor":12,"key":"REST"},{"data":"Streamline","floor":15,"key":"SMITH"}],"neow_cost":"CURSE","seed_source_timestamp":29732149413600,"circlet_count":0,"master_deck":["AscendersBane","Strike_B","Strike_B","Strike_B","Defend_B","Defend_B","Defend_B","Defend_B","Zap","Dualcast","Core Surge","Gash","Beam Cell","Rebound","Gash","Go for the Eyes","Streamline+1","Sweeping Beam","Core Surge","All For One","Gash","Auto Shields+1"],"relics":["Cracked Core","Ornamental Fan","Lantern","Orichalcum","Cursed Key"],"potions_floor_usage":[8,8,14,16],"damage_taken":[{"damage":5,"enemies":"Small Slimes","floor":1,"turns":3},{"damage":2,"enemies":"Jaw Worm","floor":3,"turns":3},{"damage":0,"enemies":"Cultist","floor":6,"turns":2},{"damage":3,"enemies":"Large Slime","floor":7,"turns":4},{"damage":26,"enemies":"Lagavulin","floor":8,"turns":5},{"damage":7,"enemies":"Looter","floor":11,"turns":2},{"damage":1,"enemies":"2 Fungi Beasts","floor":13,"turns":3},{"damage":16,"enemies":"Gremlin Nob","floor":14,"turns":3},{"damage":34,"enemies":"Hexaghost","floor":16,"turns":8},{"damage":8,"enemies":"Chosen","floor":18,"turns":4},{"damage":23,"enemies":"2 Thieves","floor":20,"turns":3},{"damage":38,"enemies":"Snecko","floor":22,"turns":4}],"seed_played":"2866250143275282787","potions_obtained":[{"floor":3,"key":"Energy Potion"},{"floor":6,"key":"Dexterity Potion"},{"floor":8,"key":"BlessingOfTheForge"},{"floor":14,"key":"LiquidMemories"}],"is_trial":false,"path_per_floor":["M","$","M","?","?","M","M","E","T","R","M","R","M","E","R","B",null,"M","?","M","?","M"],"character_chosen":"DEFECT","items_purchased":["Beam Cell"],"campfire_rested":2,"item_purchase_floors":[2],"current_hp_per_floor":[59,59,57,57,62,62,59,33,33,54,47,68,67,51,51,17,59,51,51,28,28,0],"gold":308,"neow_bonus":"THREE_RARE_CARDS","is_prod":false,"is_daily":false,"chose_seed":false,"campfire_upgraded":1,"win_rate":0,"timestamp":1704643817,"path_taken":["M","$","M","?","?","M","M","E","T","R","M","R","M","E","R","BOSS","M","?","M","?","M"],"build_version":"2022-12-18","purchased_purges":1,"victory":false,"max_hp_per_floor":[71,68,68,68,73,73,73,73,73,73,73,73,73,73,73,73,73,73,73,73,73,73],"card_choices":[{"not_picked":["Multi-Cast","Seek"],"picked":"Core Surge","floor":0},{"not_picked":["Auto Shields","Streamline"],"picked":"Gash","floor":1},{"not_picked":["Go for the Eyes","Auto Shields"],"picked":"Rebound","floor":3},{"not_picked":["Rebound","Consume"],"picked":"Gash","floor":6},{"not_picked":["Cold Snap","Coolheaded","Aggregate"],"picked":"SKIP","floor":7},{"not_picked":["Coolheaded","Leap"],"picked":"Go for the Eyes","floor":8},{"not_picked":["Aggregate","Conserve Battery"],"picked":"Streamline","floor":11},{"not_picked":["Cold Snap","Conserve Battery"],"picked":"Sweeping Beam","floor":13},{"not_picked":["Sweeping Beam","Cold Snap"],"picked":"Core Surge","floor":14},{"not_picked":["Core Surge","Biased Cognition"],"picked":"All For One","floor":16},{"not_picked":["Hello World","Sweeping Beam"],"picked":"Gash","floor":18},{"not_picked":["Hello World","Doom and Gloom"],"picked":"Auto Shields+1","floor":20}],"player_experience":644858,"relics_obtained":[{"floor":8,"key":"Ornamental Fan"},{"floor":9,"key":"Lantern"},{"floor":14,"key":"Orichalcum"}],"event_choices":[{"damage_healed":0,"gold_gain":77,"player_choice":"Gained Gold","damage_taken":0,"max_hp_gain":0,"max_hp_loss":0,"event_name":"Golden Wing","floor":4,"gold_loss":0},{"damage_healed":0,"gold_gain":0,"player_choice":"Donut","damage_taken":0,"max_hp_gain":5,"max_hp_loss":0,"event_name":"Big Fish","floor":5,"gold_loss":0},{"cards_removed":["Strike_B"],"damage_healed":0,"gold_gain":0,"player_choice":"Gave Gold","damage_taken":0,"max_hp_gain":0,"max_hp_loss":0,"event_name":"Beggar","floor":19,"gold_loss":75},{"damage_healed":0,"gold_gain":0,"player_choice":"Ignored","damage_taken":0,"max_hp_gain":0,"max_hp_loss":0,"event_name":"The Mausoleum","floor":21,"gold_loss":0}],"is_beta":false,"boss_relics":[{"not_picked":["Fusion Hammer","Velvet Choker"],"picked":"Cursed Key"}],"items_purged_floors":[2],"is_endless":false,"potions_floor_spawned":[3,6,8,14],"killed_by":"Snecko","ascension_level":17}