{"gold_per_floor":[361,37,37,50,50,80,94,94,94,105,130,146,146,146,146,223,223,236,255,269,93,93,93,118,118,145,161,161,180,100,117,117,191,191,191],"floor_reached":35,"playtime":1162,"items_purged":["Normality","Strike_B"],"score":741,"play_id":"9d0c52c8-4b6e-4d1b-9356-7b046cff7c00","local_time":"20240107121210","is_ascension_mode":true,"campfire_choices":[{"data":"White Noise","floor":8.0,"key":"SMITH"},{"data":"Skim","floor":13.0,"key":"SMITH"},{"data":"Dualcast","floor":15.0,"key":"SMITH"},{"floor":23,"key":"REST"},{"floor":28,"key":"REST"},{"floor":32,"key":"REST"}],"neow_cost":"CURSE","seed_source_timestamp":0,"circlet_count":0,"master_deck":["AscendersBane","Strike_B","Strike_B","Strike_B","Defend_B","Defend_B","Defend_B+1","Defend_B","Zap+1","Dualcast+1","Go for the Eyes","Rip and Tear+1","Gash","Streamline","White Noise+1","Skim+1","Beam Cell","Electrodynamics","Core Surge","CurseOfTheBell","Gash","White Noise","Defragment","Gash","Hello World","Biased Cognition"],"special_seed":0,"relics":["Cracked Core","Oddly Smooth Stone","Pear","Akabeko","War Paint","Calling Bell","Lantern","Singing Bowl","Pocketwatch","Lizard Tail","Toy Ornithopter","SacredBark"],"potions_floor_usage":[24,24,31,31,31,33,33],"damage_taken":[{"damage":9.0,"enemies":"Jaw Worm","floor":1.0,"turns":3.0},{"damage":0.0,"enemies":"2 Louse","floor":4.0,"turns":3.0},{"damage":12.0,"enemies":"Gremlin Nob","floor":6.0,"turns":4.0},{"damage":0.0,"enemies":"Cultist","floor":7.0,"turns":3.0},{"damage":0.0,"enemies":"Lots of Slimes","floor":10.0,"turns":2.0},{"damage":20.0,"enemies":"Lagavulin","floor":11.0,"turns":4.0},{"damage":4.0,"enemies":"2 Fungi Beasts","floor":12.0,"turns":2.0},{"damage":27.0,"enemies":"Hexaghost","floor":16.0,"turns":8.0},{"damage":29,"enemies":"Shell Parasite","floor":18,"turns":3},{"damage":11,"enemies":"2 Thieves","floor":19,"turns":3},{"damage":18,"enemies":"Sentry and Sphere","floor":20,"turns":4},{"damage":24,"enemies":"Slavers","floor":24,"turns":3},{"damage":35,"enemies":"Centurion and Healer","floor":27,"turns":4},{"damage":38,"enemies":"Snake Plant","floor":29,"turns":4},{"damage":24,"enemies":"Shelled Parasite and Fungi","floor":31,"turns":5},{"damage":69,"enemies":"Champ","floor":33,"turns":8},{"damage":78,"enemies":"3 Darklings","floor":35,"turns":4}],"seed_played":"4374423280998145916","potions_obtained":[{"floor":6.0,"key":"EssenceOfSteel"},{"floor":7.0,"key":"EssenceOfSteel"},{"floor":16.0,"key":"Ancient Potion"},{"floor":18,"key":"LiquidBronze"},{"floor":20,"key":"SpeedPotion"},{"floor":24,"key":"Strength Potion"},{"floor":29,"key":"EntropicBrew"},{"floor":33,"key":"Fruit Juice"}],"is_trial":false,"path_per_floor":["M","$","?","M","?","E","M","R","T","M","E","M","R","?","R","B",null,"M","M","M","$","?","R","E","?","T","M","R","M","$","M","R","B",null,"M"],"character_chosen":"DEFECT","items_purchased":["Rip and Tear","Oddly Smooth Stone","Defragment","Regen Potion"],"campfire_rested":3,"item_purchase_floors":[2,2,21,30],"current_hp_per_floor":[55,55,60,60,60,58,58,58,58,58,38,34,34,34,34,7,66,37,26,10,10,10,36,14,14,14,47,74,36,36,41,68,14,76,0],"gold":191,"neow_bonus":"TWO_FIFTY_GOLD","is_prod":false,"is_daily":false,"chose_seed":false,"campfire_upgraded":3,"win_rate":0,"timestamp":1704622330,"path_taken":["M","$","?","M","?","E","M","R","T","M","E","M","R","?","R","BOSS","M","?","?","$","?","R","E","?","T","M","R","M","$","M","R","BOSS","M"],"build_version":"2022-12-18","purchased_purges":2,"victory":false,"max_hp_per_floor":[71,71,76,76,76,86,86,86,86,86,86,86,86,86,86,86,86,86,86,88,88,88,88,90,90,90,92,92,92,92,92,92,97,97,97],"card_choices":[{"not_picked":["Sweeping Beam","Barrage"],"picked":"Go for the Eyes","floor":1.0},{"not_picked":["Leap","Electrodynamics"],"picked":"Gash","floor":4.0},{"not_picked":["Turbo","Double Energy"],"picked":"Streamline","floor":6.0},{"not_picked":["Leap","Skim"],"picked":"White Noise","floor":7.0},{"not_picked":["Barrage","BootSequence"],"picked":"Skim","floor":10.0},{"not_picked":["Storm","Auto Shields","Recycle"],"picked":"SKIP","floor":11.0},{"not_picked":["Conserve Battery","Hello World"],"picked":"Beam Cell","floor":12.0},{"not_picked":["Machine Learning","Biased Cognition"],"picked":"Core Surge","floor":16.0},{"not_picked":["Sweeping Beam+1","Ball Lightning"],"picked":"Gash","floor":18},{"not_picked":["Hologram","Turbo"],"picked":"White Noise","floor":19},{"not_picked":["Cold Snap","Doom and Gloom","Compile Driver"],"picked":"Singing Bowl","floor":20},{"not_picked":["Meteor Strike","Ball Lightning","Storm"],"picked":"Singing Bowl","floor":24},{"not_picked":["Ball Lightning+1","Sunder","Aggregate"],"picked":"Singing Bowl","floor":27},{"not_picked":["Steam+1","Streamline"],"picked":"Gash","floor":29},{"not_picked":["Meteor Strike","Gash+1"],"picked":"Hello World","floor":31},{"not_picked":["Meteor Strike","Fission"],"picked":"Biased Cognition","floor":33}],"player_experience":641336,"relics_obtained":[{"floor":6.0,"key":"Pear"},{"floor":9.0,"key":"Akabeko"},{"floor":11.0,"key":"War Paint"},{"floor":17,"key":"Lantern"},{"floor":17,"key":"Singing Bowl"},{"floor":17,"key":"Pocketwatch"},{"floor":24,"key":"Lizard Tail"},{"floor":26,"key":"Toy Ornithopter"}],"event_choices":[{"damage_healed":0.0,"max_hp_gain":5.0,"max_hp_loss":0.0,"gold_gain":0.0,"event_name":"Big Fish","player_choice":"Donut","floor":3.0,"gold_loss":0.0,"damage_taken":0.0},{"damage_healed":0.0,"max_hp_gain":0.0,"max_hp_loss":0.0,"gold_gain":0.0,"event_name":"Living Wall","player_choice":"Grow","floor":5.0,"gold_loss":0.0,"damage_taken":0.0,"cards_upgraded":["Rip and Tear"]},{"damage_healed":0.0,"max_hp_gain":0.0,"max_hp_loss":0.0,"gold_gain":0.0,"event_name":"Match and Keep!","player_choice":"1 cards matched","floor":14.0,"gold_loss":0.0,"damage_taken":0.0,"cards_obtained":["Electrodynamics"]},{"damage_healed":0,"gold_gain":0,"player_choice":"Ignored","damage_taken":0,"max_hp_gain":0,"max_hp_loss":0,"event_name":"Vampires","floor":22,"gold_loss":0},{"damage_healed":0,"gold_gain":0,"player_choice":"Ignored","damage_taken":0,"max_hp_gain":0,"max_hp_loss":0,"event_name":"Ghosts","floor":25,"gold_loss":0}],"is_beta":false,"boss_relics":[{"not_picked":["Coffee Dripper","SlaversCollar"],"picked":"Calling Bell"},{"not_picked":["Runic Pyramid","Runic Dome"],"picked":"SacredBark"}],"items_purged_floors":[2,21],"is_endless":false,"potions_floor_spawned":[6,7,16,18,20,24,29,33],"killed_by":"3 Darklings","ascension_level":17}