{"gold_per_floor":[112,112,133,133,148,148,172,172,172,215,230,3,38,63,63,156,156,176,176,25,41,61,61,61,95,95,131,131,131,131,144,144,238,238,252,273,273,273,296,296,312,312,380,393,413,432,773,773,773,773],"floor_reached":51,"playtime":2038,"items_purged":["Defend_B","Ball Lightning+1"],"score":1413,"play_id":"7c3e49fa-06fc-4768-a2b9-b94450d85ffa","local_time":"20240109195802","is_ascension_mode":true,"campfire_choices":[{"data":"Beam Cell","floor":6.0,"key":"SMITH"},{"floor":8.0,"key":"REST"},{"floor":15,"key":"REST"},{"floor":23,"key":"REST"},{"floor":28,"key":"REST"},{"data":"Scrape","floor":30,"key":"SMITH"},{"data":"Reboot","floor":32,"key":"SMITH"},{"floor":40,"key":"REST"},{"floor":42,"key":"REST"},{"floor":49,"key":"REST"}],"neow_cost":"NONE","seed_source_timestamp":7016220876800,"circlet_count":0,"master_deck":["AscendersBane","Defend_B","Defend_B","Defend_B","Zap","Dualcast","CurseOfTheBell","Gash","Beam Cell+1","All For One","Reprogram","Reboot","Go for the Eyes","Reboot+1","Leap+1","Defragment+1","Hologram","Gash","Scrape+1","Seek","Gash","All For One","White Noise+1"],"special_seed":0,"relics":["Calling Bell","Bag of Preparation","Singing Bowl","FossilizedHelix","Golden Idol","White Beast Statue","Question Card","Lantern","Astrolabe","MutagenicStrength","Symbiotic Virus","Lizard Tail","Regal Pillow","Fusion Hammer","InkBottle","Old Coin"],"potions_floor_usage":[13,14,16,16,18,21,22,25,31,33,33,36,39,44,47,50,50],"damage_taken":[{"damage":0.0,"enemies":"Small Slimes","floor":1.0,"turns":4.0},{"damage":7.0,"enemies":"Jaw Worm","floor":3.0,"turns":4.0},{"damage":0.0,"enemies":"Cultist","floor":5.0,"turns":3.0},{"damage":0.0,"enemies":"Red Slaver","floor":7.0,"turns":3.0},{"damage":23.0,"enemies":"Gremlin Nob","floor":10.0,"turns":5.0},{"damage":7.0,"enemies":"3 Louse","floor":11.0,"turns":4.0},{"damage":11,"enemies":"Lagavulin","floor":13,"turns":5},{"damage":0,"enemies":"Large Slime","floor":14,"turns":5},{"damage":4,"enemies":"Hexaghost","floor":16,"turns":6},{"damage":7,"enemies":"Shell Parasite","floor":18,"turns":5},{"damage":11,"enemies":"2 Thieves","floor":21,"turns":4},{"damage":8,"enemies":"Cultist and Chosen","floor":22,"turns":5},{"damage":0,"enemies":"Gremlin Leader","floor":25,"turns":10},{"damage":24,"enemies":"Book of Stabbing","floor":27,"turns":4},{"damage":0,"enemies":"Sentry and Sphere","floor":31,"turns":3},{"damage":72,"enemies":"Champ","floor":33,"turns":7},{"damage":0,"enemies":"3 Shapes","floor":35,"turns":5},{"damage":13,"enemies":"3 Darklings","floor":36,"turns":4},{"damage":27,"enemies":"Maw","floor":39,"turns":7},{"damage":0,"enemies":"4 Shapes","floor":41,"turns":5},{"damage":0,"enemies":"3 Darklings","floor":44,"turns":2},{"damage":0,"enemies":"Sphere and 2 Shapes","floor":45,"turns":1},{"damage":0,"enemies":"4 Shapes","floor":46,"turns":6},{"damage":21,"enemies":"Giant Head","floor":47,"turns":5},{"damage":26,"enemies":"Donu and Deca","floor":50,"turns":6}],"seed_played":"8359318520496310763","potions_obtained":[{"floor":3.0,"key":"Swift Potion"},{"floor":7.0,"key":"DistilledChaos"},{"floor":10.0,"key":"BlessingOfTheForge"},{"floor":11.0,"key":"Block Potion"},{"floor":13,"key":"SteroidPotion"},{"floor":14,"key":"Strength Potion"},{"floor":16,"key":"Regen Potion"},{"floor":18,"key":"AttackPotion"},{"floor":21,"key":"SkillPotion"},{"floor":22,"key":"Block Potion"},{"floor":25,"key":"FocusPotion"},{"floor":27,"key":"Fire Potion"},{"floor":31,"key":"SneckoOil"},{"floor":33,"key":"EssenceOfDarkness"},{"floor":35,"key":"Dexterity Potion"},{"floor":36,"key":"Energy Potion"},{"floor":39,"key":"SneckoOil"},{"floor":41,"key":"PotionOfCapacity"},{"floor":44,"key":"Dexterity Potion"},{"floor":46,"key":"ColorlessPotion"},{"floor":47,"key":"Fire Potion"}],"is_trial":false,"path_per_floor":["M","?","M","?","M","R","M","R","T","E","M","$","E","M","R","B",null,"M","?","$","M","M","R","?","E","T","E","R","?","R","M","R","B",null,"M","M","?","?","M","R","M","R","T","M","M","M","E","?","R","B",null],"character_chosen":"DEFECT","items_purchased":["Reboot","Gash"],"campfire_rested":7,"item_purchase_floors":[12,20],"current_hp_per_floor":[64,40,33,33,33,33,35,56,56,33,26,26,17,17,39,35,65,68,68,68,59,53,76,76,76,76,54,81,81,81,83,83,11,65,65,54,54,42,17,58,60,89,89,91,93,93,72,72,88,62],"gold":773,"neow_bonus":"BOSS_RELIC","is_prod":false,"is_daily":false,"chose_seed":false,"campfire_upgraded":3,"win_rate":0,"timestamp":1704823082,"path_taken":["M","?","M","?","M","R","M","R","T","E","?","?","E","M","R","BOSS","M","?","$","M","M","R","?","E","T","E","R","?","R","?","R","BOSS","M","M","?","?","M","R","M","R","T","M","?","M","E","?","R","BOSS"],"build_version":"2022-12-18","purchased_purges":2,"victory":true,"max_hp_per_floor":[71,71,71,71,71,71,73,73,73,73,73,73,75,75,75,75,75,75,75,75,77,79,79,79,79,79,81,81,81,81,83,83,83,83,83,85,85,85,87,87,89,89,89,91,93,93,93,88,88,88],"card_choices":[{"not_picked":["Rebound","Consume"],"picked":"Gash","floor":1.0},{"not_picked":["Stack","Hologram"],"picked":"Beam Cell","floor":3.0},{"not_picked":["Stack","Redo"],"picked":"Cold Snap","floor":5.0},{"not_picked":["Compile Driver","Tempest","Ball Lightning"],"picked":"Singing Bowl","floor":7.0},{"not_picked":["Beam Cell","Conserve Battery"],"picked":"All For One","floor":10.0},{"not_picked":["Stack","Tempest","Compile Driver"],"picked":"Reprogram","floor":11.0},{"not_picked":["Undo","White Noise","Conserve Battery","Compile Driver"],"picked":"Singing Bowl","floor":13},{"not_picked":["Rebound","Turbo","Conserve Battery"],"picked":"Go for the Eyes","floor":14},{"not_picked":["Hyperbeam","Rainbow","Fission"],"picked":"Reboot","floor":16},{"not_picked":["White Noise","BootSequence","Cold Snap"],"picked":"Hologram","floor":18},{"not_picked":["Self Repair","Steam","Cold Snap","Redo"],"picked":"Singing Bowl","floor":21},{"not_picked":["Chaos+1","Ball Lightning","Compile Driver","Capacitor"],"picked":"Singing Bowl","floor":22},{"not_picked":["Hello World","Sweeping Beam+1","Ball Lightning"],"picked":"Scrape","floor":25},{"not_picked":["Lockon","Coolheaded","Barrage","Capacitor"],"picked":"Singing Bowl","floor":27},{"not_picked":["Beam Cell+1","Leap","Streamline","Static Discharge"],"picked":"Singing Bowl","floor":31},{"not_picked":["Thunder Strike","Electrodynamics","Fission"],"picked":"Seek","floor":33},{"not_picked":["Genetic Algorithm","Streamline","Heatsinks"],"picked":"Gash","floor":35},{"not_picked":["Redo+1","Cold Snap","BootSequence","Ball Lightning+1"],"picked":"Singing Bowl","floor":36},{"not_picked":["Turbo","Cold Snap+1","BootSequence","Sweeping Beam+1"],"picked":"Singing Bowl","floor":39},{"not_picked":["Leap","Go for the Eyes","Sunder+1","Coolheaded"],"picked":"Singing Bowl","floor":41},{"not_picked":["Coolheaded+1","Storm+1","Hello World","Leap"],"picked":"Singing Bowl","floor":44},{"not_picked":["Sunder","Go for the Eyes","Barrage","Reprogram+1"],"picked":"Singing Bowl","floor":45},{"not_picked":["Tempest","Streamline","Stack"],"picked":"All For One","floor":46},{"not_picked":["Hologram+1","Fusion","Capacitor"],"picked":"White Noise+1","floor":47}],"player_experience":654293,"relics_obtained":[{"floor":0.0,"key":"Bag of Preparation"},{"floor":0.0,"key":"Singing Bowl"},{"floor":0.0,"key":"FossilizedHelix"},{"floor":9.0,"key":"White Beast Statue"},{"floor":10.0,"key":"Question Card"},{"floor":13,"key":"Lantern"},{"floor":25,"key":"Symbiotic Virus"},{"floor":26,"key":"Lizard Tail"},{"floor":27,"key":"Regal Pillow"},{"floor":43,"key":"InkBottle"},{"floor":47,"key":"Old Coin"}],"event_choices":[{"damage_healed":0.0,"max_hp_gain":0.0,"max_hp_loss":0.0,"gold_gain":0.0,"event_name":"Golden Idol","player_choice":"Take Damage","floor":2.0,"gold_loss":0.0,"damage_taken":24.0,"relics_obtained":["Golden Idol"]},{"cards_removed":["Strike_B"],"damage_healed":0.0,"max_hp_gain":0.0,"max_hp_loss":0.0,"gold_gain":0.0,"event_name":"Bonfire Elementals","player_choice":"Offered Basic","floor":4.0,"gold_loss":0.0,"damage_taken":0.0},{"damage_healed":0,"gold_gain":0,"player_choice":"Ignored","damage_taken":0,"max_hp_gain":0,"max_hp_loss":0,"event_name":"Ghosts","floor":19,"gold_loss":0},{"damage_healed":0,"gold_gain":0,"player_choice":"Inject Mutagens","damage_taken":0,"relics_obtained":["MutagenicStrength"],"max_hp_gain":0,"max_hp_loss":0,"event_name":"Drug Dealer","floor":24,"gold_loss":0},{"damage_healed":0,"gold_gain":0,"player_choice":"0 cards matched","damage_taken":0,"max_hp_gain":0,"max_hp_loss":0,"event_name":"Match and Keep!","floor":29,"gold_loss":0,"cards_obtained":[]},{"cards_removed":["Cold Snap"],"damage_healed":0,"gold_gain":0,"player_choice":"Removed Attack","damage_taken":0,"max_hp_gain":0,"max_hp_loss":0,"event_name":"Falling","floor":37,"gold_loss":0},{"damage_healed":0,"gold_gain":0,"player_choice":"Damaged","damage_taken":12,"max_hp_gain":0,"max_hp_loss":0,"event_name":"Wheel of Change","floor":38,"gold_loss":0},{"damage_healed":0,"gold_gain":0,"player_choice":"Max HP","damage_taken":0,"max_hp_gain":0,"max_hp_loss":5,"event_name":"Winding Halls","floor":48,"gold_loss":0}],"is_beta":false,"boss_relics":[{"not_picked":["Cursed Key","Philosopher\u0027s Stone"],"picked":"Astrolabe"},{"not_picked":["Runic Pyramid","Runic Dome"],"picked":"Fusion Hammer"}],"items_purged_floors":[12,20],"is_endless":false,"potions_floor_spawned":[3,7,10,11,13,14,16,18,21,22,25,27,31,33,35,36,39,41,44,45,46,47],"ascension_level":18}