{"gold_per_floor":[369,369,387,399,128,128,141,141,141,168,182,195,206,171,171,245,245,257,307,55,55,81,81,81],"floor_reached":24,"playtime":820,"items_purged":["Parasite"],"score":363,"play_id":"530c4953-7486-4583-ba1f-8f315eb9aa25","local_time":"20231231152901","is_ascension_mode":true,"campfire_choices":[{"data":"Skim","floor":6,"key":"SMITH"},{"data":"Glacier","floor":8,"key":"SMITH"},{"data":"Machine Learning","floor":15,"key":"SMITH"},{"floor":23,"key":"REST"}],"neow_cost":"CURSE","seed_source_timestamp":3703048114100,"circlet_count":0,"master_deck":["AscendersBane","Strike_B","Strike_B","Strike_B","Strike_B","Defend_B","Defend_B","Defend_B","Defend_B+1","Zap+1","Dualcast","Cold Snap","Self Repair","Skim+1","Gash","Glacier+1","Machine Learning+1","Coolheaded","Sunder","Core Surge","Stack","Blizzard","Redo+1"],"special_seed":0,"relics":["Cracked Core","Dead Branch","Toy Ornithopter","Emotion Chip","War Paint","Black Star","Sling","Red Mask"],"potions_floor_usage":[3,10,10,12,16,22],"damage_taken":[{"damage":4.0,"enemies":"Small Slimes","floor":1.0,"turns":3.0},{"damage":0,"enemies":"2 Louse","floor":3,"turns":1},{"damage":2,"enemies":"Jaw Worm","floor":4,"turns":3},{"damage":9,"enemies":"Looter","floor":7,"turns":3},{"damage":18,"enemies":"Gremlin Nob","floor":10,"turns":4},{"damage":6,"enemies":"Large Slime","floor":11,"turns":6},{"damage":2,"enemies":"Gremlin Gang","floor":12,"turns":6},{"damage":6,"enemies":"Blue Slaver","floor":13,"turns":3},{"damage":16,"enemies":"Hexaghost","floor":16,"turns":9},{"damage":28,"enemies":"3 Byrds","floor":18,"turns":6},{"damage":12,"enemies":"Masked Bandits","floor":22,"turns":3},{"damage":63,"enemies":"Slavers","floor":24,"turns":4}],"seed_played":"-9169864496771888586","potions_obtained":[{"floor":1.0,"key":"LiquidMemories"},{"floor":3,"key":"EssenceOfSteel"},{"floor":7,"key":"Energy Potion"},{"floor":10,"key":"FocusPotion"},{"floor":13,"key":"PowerPotion"},{"floor":18,"key":"AttackPotion"}],"is_trial":false,"path_per_floor":["M","?","M","M","$","R","M","R","T","E","M","M","M","?","R","B",null,"M","?","$","?","?","R","E"],"character_chosen":"DEFECT","items_purchased":["Gash","Toy Ornithopter","Blizzard","Sling"],"campfire_rested":1,"item_purchase_floors":[5,5,20,20],"current_hp_per_floor":[60,34,34,39,39,39,37,37,37,36,37,47,48,65,65,52,64,43,43,43,43,43,63,0],"gold":81,"neow_bonus":"TWO_FIFTY_GOLD","is_prod":false,"is_daily":false,"chose_seed":false,"campfire_upgraded":3,"win_rate":0,"timestamp":1704029341,"path_taken":["M","?","M","M","$","R","M","R","T","E","M","M","M","?","R","BOSS","M","?","$","?","?","R","E"],"build_version":"2022-12-18","purchased_purges":1,"victory":false,"max_hp_per_floor":[71,71,71,71,68,68,68,68,68,68,68,68,68,68,68,68,68,68,68,68,68,68,68,68],"card_choices":[{"not_picked":["Force Field","Barrage"],"picked":"Cold Snap","floor":1.0},{"not_picked":["Coolheaded","Fusion"],"picked":"Self Repair","floor":3},{"not_picked":["Leap","Rebound"],"picked":"Skim","floor":4},{"not_picked":["Aggregate","Redo"],"picked":"Glacier","floor":7},{"not_picked":["Steam","BootSequence"],"picked":"Machine Learning","floor":10},{"not_picked":["Leap","Go for the Eyes"],"picked":"Coolheaded","floor":11},{"not_picked":["Conserve Battery","Coolheaded"],"picked":"Sunder","floor":12},{"not_picked":["Static Discharge","Leap","Force Field"],"picked":"SKIP","floor":13},{"not_picked":["Creative AI","All For One"],"picked":"Core Surge","floor":16},{"not_picked":["FTL","Reinforced Body"],"picked":"Stack","floor":18},{"not_picked":["Self Repair","Rebound+1"],"picked":"Redo+1","floor":22}],"player_experience":618766,"relics_obtained":[{"floor":9,"key":"Emotion Chip"},{"floor":10,"key":"War Paint"},{"floor":22,"key":"Red Mask"}],"event_choices":[{"damage_healed":0.0,"max_hp_gain":0.0,"max_hp_loss":0.0,"gold_gain":0.0,"event_name":"Scrap Ooze","player_choice":"Success","floor":2.0,"gold_loss":0.0,"damage_taken":26.0,"relics_obtained":["Dead Branch"]},{"damage_healed":17,"gold_gain":0,"player_choice":"Healed","damage_taken":0,"max_hp_gain":0,"max_hp_loss":0,"event_name":"The Cleric","floor":14,"gold_loss":35},{"damage_healed":0,"gold_gain":50,"player_choice":"Stole From Cult","damage_taken":0,"max_hp_gain":0,"max_hp_loss":0,"event_name":"Nest","floor":19,"gold_loss":0},{"damage_healed":0,"gold_gain":0,"player_choice":"Ignored","damage_taken":0,"max_hp_gain":0,"max_hp_loss":0,"event_name":"Ghosts","floor":21,"gold_loss":0},{"damage_healed":0,"gold_gain":0,"player_choice":"Fought Bandits","damage_taken":0,"max_hp_gain":0,"max_hp_loss":0,"event_name":"Masked Bandits","floor":22,"gold_loss":0}],"is_beta":false,"boss_relics":[{"not_picked":["Calling Bell","Coffee Dripper"],"picked":"Black Star"}],"items_purged_floors":[5],"is_endless":false,"potions_floor_spawned":[1,3,7,10,13,18],"killed_by":"Slavers","ascension_level":17}