{"gold_per_floor":[117,117,132,132,151,186,186,202,202,221,221,21,33,53,53,131,431,451,152,165,80,97,97,132,144,181,193,218,244,276,288,300,384,396,421,457,143,157,182,182,213,213,213,57,0,0,50,70,70,70],"floor_reached":50,"playtime":1804,"items_purged":["Strike_B","Strike_B"],"score":1058,"play_id":"d066e006-2c0c-45d2-8ed2-735eb47da131","local_time":"20240111191958","is_ascension_mode":true,"campfire_choices":[{"floor":7,"key":"REST"},{"floor":11,"key":"REST"},{"data":"Scrape","floor":15,"key":"SMITH"},{"floor":23,"key":"REST"},{"floor":25,"key":"REST"},{"data":"Hologram","floor":27,"key":"SMITH"},{"floor":32,"key":"REST"},{"data":"Seek","floor":40,"key":"SMITH"},{"floor":42,"key":"REST"},{"data":"FTL","floor":46,"key":"SMITH"},{"data":"Reboot","floor":49,"key":"SMITH"}],"neow_cost":"NONE","seed_source_timestamp":5352140364100,"circlet_count":0,"master_deck":["AscendersBane","Strike_B","Strike_B","Defend_B","Defend_B","Defend_B","Defend_B","Zap","Dualcast+1","Stack","Scrape+1","Hologram+1","Go for the Eyes","Gash","Beam Cell","Gash","Steam","Sadistic Nature","Echo Form","CurseOfTheBell","Gash","All For One","Redo+1","White Noise+1","Seek+1","FTL+1","Gash","Scrape+1","Reboot+1"],"relics":["Cracked Core","Dream Catcher","PreservedInsect","HornCleat","Calling Bell","Lantern","Old Coin","Mercury Hourglass","Anchor","Pantograph","MawBank","Nloth\u0027s Gift","Nuclear Battery","MealTicket","Incense Burner","Dead Branch","Ancient Tea Set","Gambling Chip","Red Mask"],"potions_floor_usage":[16,16,24,29,33,41,50,50],"damage_taken":[{"damage":4,"enemies":"2 Louse","floor":1,"turns":3},{"damage":0,"enemies":"Small Slimes","floor":3,"turns":3},{"damage":2,"enemies":"Jaw Worm","floor":5,"turns":3},{"damage":32,"enemies":"Gremlin Nob","floor":6,"turns":4},{"damage":4,"enemies":"3 Louse","floor":8,"turns":3},{"damage":11,"enemies":"Red Slaver","floor":10,"turns":2},{"damage":3,"enemies":"Looter","floor":13,"turns":3},{"damage":4,"enemies":"Large Slime","floor":14,"turns":2},{"damage":41,"enemies":"Hexaghost","floor":16,"turns":11},{"damage":0,"enemies":"Chosen","floor":18,"turns":3},{"damage":0,"enemies":"3 Byrds","floor":20,"turns":4},{"damage":38,"enemies":"Shelled Parasite and Fungi","floor":22,"turns":6},{"damage":26,"enemies":"Slavers","floor":24,"turns":6},{"damage":18,"enemies":"Centurion and Healer","floor":28,"turns":5},{"damage":8,"enemies":"Snecko","floor":29,"turns":5},{"damage":25,"enemies":"Cultist and Chosen","floor":30,"turns":7},{"damage":65,"enemies":"Champ","floor":33,"turns":8},{"damage":17,"enemies":"Orb Walker","floor":35,"turns":4},{"damage":0,"enemies":"3 Shapes","floor":38,"turns":5},{"damage":0,"enemies":"Mind Bloom Boss Battle","floor":39,"turns":4},{"damage":23,"enemies":"Giant Head","floor":41,"turns":6},{"damage":0,"enemies":"Sphere and 2 Shapes","floor":48,"turns":4},{"damage":89,"enemies":"Awakened One","floor":50,"turns":7}],"seed_played":"2826347072671817634","potions_obtained":[{"floor":8,"key":"Explosive Potion"},{"floor":10,"key":"BlessingOfTheForge"},{"floor":13,"key":"Block Potion"},{"floor":14,"key":"AttackPotion"},{"floor":18,"key":"FairyPotion"},{"floor":22,"key":"BlessingOfTheForge"},{"floor":28,"key":"Ancient Potion"},{"floor":29,"key":"FearPotion"},{"floor":33,"key":"EssenceOfDarkness"},{"floor":35,"key":"Fire Potion"},{"floor":41,"key":"Strength Potion"}],"is_trial":false,"path_per_floor":["M","?","M","?","M","E","R","M","T","M","R","$","M","M","R","B",null,"M","$","M","?","M","R","E","R","T","R","M","M","M","?","R","B",null,"M","T","$","M","?","R","E","R","T","$","?","R","?","M","R","B"],"character_chosen":"DEFECT","items_purchased":["Sadistic Nature","Gash","Anchor","Incense Burner","Strength Potion"],"campfire_rested":6,"item_purchase_floors":[12,19,19,37,44],"current_hp_per_floor":[60,60,60,65,63,31,53,49,49,38,60,60,57,53,53,12,60,60,60,60,60,22,44,18,40,47,47,29,21,24,24,48,8,64,47,47,62,62,83,83,60,83,83,83,83,83,83,83,83,0],"gold":70,"neow_bonus":"RANDOM_COMMON_RELIC","is_prod":false,"is_daily":false,"chose_seed":false,"campfire_upgraded":5,"win_rate":0,"timestamp":1704993598,"path_taken":["M","?","M","?","M","E","R","M","T","M","R","$","M","M","R","BOSS","M","$","M","?","M","R","E","R","T","R","M","M","M","?","R","BOSS","M","?","$","M","?","R","E","R","T","$","?","R","?","?","R","BOSS"],"build_version":"2022-12-18","purchased_purges":2,"victory":false,"max_hp_per_floor":[71,71,71,76,76,76,76,76,76,76,76,76,76,76,76,76,76,76,76,76,76,76,76,76,76,83,83,83,83,83,83,83,83,83,83,83,83,83,83,83,83,83,83,83,83,83,83,83,83,83],"card_choices":[{"not_picked":["Barrage","Storm"],"picked":"Stack","floor":1},{"not_picked":["Leap","Cold Snap"],"picked":"Scrape","floor":3},{"not_picked":["Rebound","Double Energy"],"picked":"Hologram","floor":5},{"not_picked":["Leap","Genetic Algorithm"],"picked":"Go for the Eyes","floor":6},{"not_picked":["Redo","Leap"],"picked":"Gash","floor":7},{"not_picked":["Ball Lightning","Blizzard"],"picked":"Beam Cell","floor":8},{"not_picked":["Hologram","Coolheaded"],"picked":"Gash","floor":10},{"not_picked":["Creative AI","Barrage"],"picked":"Steam","floor":11},{"not_picked":["BootSequence","Turbo","Leap"],"picked":"SKIP","floor":13},{"not_picked":["Loop","Sweeping Beam","Cold Snap"],"picked":"SKIP","floor":14},{"not_picked":["Fission","Machine Learning"],"picked":"Echo Form","floor":16},{"not_picked":["Leap","Coolheaded","Steam"],"picked":"SKIP","floor":18},{"not_picked":["Steam","Ball Lightning","Biased Cognition"],"picked":"SKIP","floor":20},{"not_picked":["Tempest","Self Repair","Conserve Battery+1"],"picked":"SKIP","floor":22},{"not_picked":["Stack","Chaos"],"picked":"All For One","floor":24},{"not_picked":["Capacitor","Tempest+1"],"picked":"Redo+1","floor":25},{"not_picked":["BootSequence","Sweeping Beam","Chaos"],"picked":"SKIP","floor":28},{"not_picked":["Coolheaded","Genetic Algorithm","Undo"],"picked":"SKIP","floor":29},{"not_picked":["Compile Driver","Ball Lightning"],"picked":"White Noise+1","floor":30},{"not_picked":["Amplify","Multi-Cast"],"picked":"Seek","floor":33},{"not_picked":["Streamline","Melter"],"picked":"FTL","floor":35},{"not_picked":["Conserve Battery","Redo+1"],"picked":"Gash","floor":38},{"not_picked":["Fission","Recycle"],"picked":"Scrape+1","floor":41},{"not_picked":["Go for the Eyes","Blizzard"],"picked":"Reboot","floor":48}],"player_experience":660090,"relics_obtained":[{"floor":6,"key":"PreservedInsect"},{"floor":9,"key":"HornCleat"},{"floor":17,"key":"Lantern"},{"floor":17,"key":"Old Coin"},{"floor":17,"key":"Mercury Hourglass"},{"floor":24,"key":"MawBank"},{"floor":26,"key":"Strawberry"},{"floor":36,"key":"MealTicket"},{"floor":39,"key":"Dead Branch"},{"floor":41,"key":"Ancient Tea Set"},{"floor":43,"key":"Gambling Chip"}],"event_choices":[{"damage_healed":0,"gold_gain":0,"player_choice":"Grow","damage_taken":0,"max_hp_gain":0,"max_hp_loss":0,"event_name":"Living Wall","floor":2,"gold_loss":0,"cards_upgraded":["Dualcast"]},{"damage_healed":0,"gold_gain":0,"player_choice":"Donut","damage_taken":0,"max_hp_gain":5,"max_hp_loss":0,"event_name":"Big Fish","floor":4,"gold_loss":0},{"damage_healed":0,"gold_gain":0,"player_choice":"Obtained Relic","damage_taken":0,"relics_obtained":["Pantograph"],"max_hp_gain":0,"max_hp_loss":0,"event_name":"Addict","floor":21,"gold_loss":85},{"damage_healed":0,"gold_gain":0,"player_choice":"Traded Relic","damage_taken":0,"relics_obtained":["Nloth\u0027s Gift"],"max_hp_gain":0,"max_hp_loss":0,"event_name":"N\u0027loth","floor":31,"relics_lost":["Strawberry"],"gold_loss":0},{"damage_healed":0,"gold_gain":0,"player_choice":"Fight","damage_taken":0,"max_hp_gain":0,"max_hp_loss":0,"event_name":"MindBloom","floor":39,"gold_loss":0},{"damage_healed":0,"gold_gain":0,"player_choice":"Paid","damage_taken":0,"relics_obtained":["Red Mask"],"max_hp_gain":0,"max_hp_loss":0,"event_name":"Tomb of Lord Red Mask","floor":45,"gold_loss":57},{"damage_healed":0,"gold_gain":50,"player_choice":"Pray","damage_taken":0,"max_hp_gain":0,"max_hp_loss":0,"event_name":"Golden Shrine","floor":47,"gold_loss":0}],"is_beta":false,"boss_relics":[{"not_picked":["Ectoplasm","Runic Pyramid"],"picked":"Calling Bell"},{"not_picked":["SlaversCollar","Pandora\u0027s Box"],"picked":"Nuclear Battery"}],"items_purged_floors":[19,44],"is_endless":false,"potions_floor_spawned":[8,10,13,14,18,22,28,29,33,35,38,41],"killed_by":"Awakened One","ascension_level":19}