{"gold_per_floor":[119,129,40,50,64,64,81,81,81,81,93,93,93,128,128,201,201,217,228,15,30,30,30,48,48,48,98,109,139,139,9,9,86,86,106,125,125,150,167,167],"floor_reached":40,"playtime":1848,"items_purged":["Decay"],"score":718,"play_id":"adab2a40-3ed7-4dc7-9d64-321b51e955e6","local_time":"20240107102420","is_ascension_mode":true,"campfire_choices":[{"data":"Conserve Battery","floor":6.0,"key":"SMITH"},{"data":"White Noise","floor":8.0,"key":"SMITH"},{"data":"Genetic Algorithm","floor":10.0,"key":"SMITH"},{"floor":15,"key":"REST"},{"data":"Hello World","floor":23,"key":"SMITH"},{"floor":25,"key":"REST"},{"floor":30,"key":"REST"},{"floor":32,"key":"REST"}],"neow_cost":"NONE","seed_source_timestamp":0,"circlet_count":0,"master_deck":["AscendersBane","Strike_B","Strike_B","Defend_B","Defend_B","Defend_B","Zap","Dualcast","Compile Driver","Conserve Battery+1","Genetic Algorithm+1","Gash","White Noise+1","Melter","Barrage","Echo Form","Undo","Gash","Hello World+1","Cold Snap+1","Seek","Hello World","Buffer"],"special_seed":0,"relics":["Cracked Core","Bronze Scales","Pen Nib","Bag of Marbles","Nuclear Battery","Lee\u0027s Waffle","Symbiotic Virus","Red Mask","Empty Cage","Peace Pipe"],"potions_floor_usage":[21,29,33,40,40],"damage_taken":[{"damage":7.0,"enemies":"Jaw Worm","floor":1.0,"turns":3.0},{"damage":1.0,"enemies":"Cultist","floor":2.0,"turns":3.0},{"damage":0.0,"enemies":"2 Louse","floor":4.0,"turns":3.0},{"damage":5.0,"enemies":"2 Fungi Beasts","floor":5.0,"turns":4.0},{"damage":9.0,"enemies":"Large Slime","floor":7.0,"turns":3.0},{"damage":8.0,"enemies":"Blue Slaver","floor":11.0,"turns":3.0},{"damage":8.0,"enemies":"Gremlin Nob","floor":14.0,"turns":3.0},{"damage":46,"enemies":"Slime Boss","floor":16,"turns":9},{"damage":9,"enemies":"Shell Parasite","floor":18,"turns":6},{"damage":0,"enemies":"Spheric Guardian","floor":19,"turns":3},{"damage":30,"enemies":"Centurion and Healer","floor":21,"turns":5},{"damage":30,"enemies":"Snake Plant","floor":24,"turns":4},{"damage":1,"enemies":"Cultist and Chosen","floor":28,"turns":4},{"damage":37,"enemies":"Masked Bandits","floor":29,"turns":4},{"damage":44,"enemies":"Collector","floor":33,"turns":10},{"damage":41,"enemies":"3 Darklings","floor":35,"turns":6},{"damage":10,"enemies":"Orb Walker","floor":36,"turns":4},{"damage":0,"enemies":"Mind Bloom Boss Battle","floor":38,"turns":6},{"damage":32,"enemies":"3 Darklings","floor":39,"turns":6},{"damage":67,"enemies":"Giant Head","floor":40,"turns":8}],"seed_played":"-2142028611291339305","potions_obtained":[{"floor":2.0,"key":"Fire Potion"},{"floor":4.0,"key":"EssenceOfSteel"},{"floor":7.0,"key":"LiquidMemories"},{"floor":11.0,"key":"SteroidPotion"},{"floor":18,"key":"LiquidMemories"},{"floor":19,"key":"EssenceOfDarkness"},{"floor":33,"key":"LiquidBronze"},{"floor":36,"key":"Strength Potion"}],"is_trial":false,"path_per_floor":["M","M","$","M","M","R","M","R","T","R","M","$","?","E","R","B",null,"M","M","$","M","?","R","M","R","T","?","M","?","R","$","R","B",null,"M","M","?","?","M","E"],"character_chosen":"DEFECT","items_purchased":["Genetic Algorithm","Gash","Lee\u0027s Waffle","Block Potion"],"campfire_rested":4,"item_purchase_floors":[3,20,20,31],"current_hp_per_floor":[57,56,56,56,51,51,42,42,42,42,34,34,34,26,47,1,54,45,45,78,48,48,48,18,41,41,41,40,3,26,26,49,5,60,19,9,64,64,32,0],"gold":167,"neow_bonus":"RANDOM_COMMON_RELIC","is_prod":false,"is_daily":false,"chose_seed":false,"campfire_upgraded":4,"win_rate":0,"timestamp":1704615860,"path_taken":["M","M","$","M","M","R","M","R","T","R","M","$","?","E","R","BOSS","M","M","$","M","?","R","M","R","T","?","M","?","R","$","R","BOSS","M","M","?","?","M","E"],"build_version":"2022-12-18","purchased_purges":1,"victory":false,"max_hp_per_floor":[71,71,71,71,71,71,71,71,71,71,71,71,71,71,71,71,71,71,71,78,78,78,78,78,78,78,78,78,78,78,78,78,78,78,78,78,64,64,64,64],"card_choices":[{"not_picked":["Darkness","Static Discharge"],"picked":"Compile Driver","floor":1.0},{"not_picked":["Stack","Steam"],"picked":"Conserve Battery","floor":2.0},{"not_picked":["Compile Driver","Turbo","Conserve Battery"],"picked":"SKIP","floor":4.0},{"not_picked":["Ball Lightning","Go for the Eyes"],"picked":"Gash","floor":5.0},{"not_picked":["Rainbow","Loop"],"picked":"White Noise","floor":7.0},{"not_picked":["Steam","Loop"],"picked":"Melter","floor":11.0},{"not_picked":["Ball Lightning","Compile Driver","Go for the Eyes"],"picked":"SKIP","floor":14.0},{"not_picked":["Multi-Cast","Meteor Strike"],"picked":"Echo Form","floor":16},{"not_picked":["Rebound","Aggregate+1","Conserve Battery"],"picked":"SKIP","floor":18},{"not_picked":["Barrage","Compile Driver"],"picked":"Undo","floor":19},{"not_picked":["Rebound","Leap"],"picked":"Hello World","floor":21},{"not_picked":["Steam","Redo"],"picked":"Cold Snap+1","floor":24},{"not_picked":["Beam Cell","Capacitor"],"picked":"Seek","floor":28},{"not_picked":["Cold Snap","Coolheaded"],"picked":"Hello World","floor":29},{"not_picked":["Echo Form","Meteor Strike"],"picked":"Buffer","floor":33},{"not_picked":["Conserve Battery","Hologram","Steam"],"picked":"SKIP","floor":35},{"not_picked":["Double Energy","BootSequence","Auto Shields"],"picked":"SKIP","floor":36},{"not_picked":["Fusion+1","Doom and Gloom","Heatsinks"],"picked":"SKIP","floor":39}],"player_experience":639060,"relics_obtained":[{"floor":9.0,"key":"Pen Nib"},{"floor":14.0,"key":"Bag of Marbles"},{"floor":26,"key":"Symbiotic Virus"},{"floor":29,"key":"Red Mask"},{"floor":38,"key":"Peace Pipe"}],"event_choices":[{"damage_healed":0.0,"max_hp_gain":0.0,"max_hp_loss":0.0,"gold_gain":0.0,"cards_transformed":["Strike_B"],"event_name":"Transmorgrifier","player_choice":"Transformed","floor":13.0,"gold_loss":0.0,"damage_taken":0.0,"cards_obtained":["Barrage"]},{"damage_healed":0,"gold_gain":0,"player_choice":"Smashed Altar","damage_taken":0,"max_hp_gain":0,"max_hp_loss":0,"event_name":"Forgotten Altar","floor":22,"gold_loss":0,"cards_obtained":["Decay"]},{"damage_healed":0,"gold_gain":50,"player_choice":"Stole From Cult","damage_taken":0,"max_hp_gain":0,"max_hp_loss":0,"event_name":"Nest","floor":27,"gold_loss":0},{"damage_healed":0,"gold_gain":0,"player_choice":"Fought Bandits","damage_taken":0,"max_hp_gain":0,"max_hp_loss":0,"event_name":"Masked Bandits","floor":29,"gold_loss":0},{"damage_healed":64,"gold_gain":0,"player_choice":"Heal","damage_taken":0,"max_hp_gain":0,"max_hp_loss":14,"event_name":"The Moai Head","floor":37,"gold_loss":0},{"damage_healed":0,"gold_gain":0,"player_choice":"Fight","damage_taken":0,"max_hp_gain":0,"max_hp_loss":0,"event_name":"MindBloom","floor":38,"gold_loss":0}],"is_beta":false,"boss_relics":[{"not_picked":["Sozu","Black Star"],"picked":"Nuclear Battery"},{"not_picked":["Runic Pyramid","Runic Dome"],"picked":"Empty Cage"}],"items_purged_floors":[31],"is_endless":false,"potions_floor_spawned":[2,4,7,11,18,19,33,36],"killed_by":"Giant Head","ascension_level":17}