{"gold_per_floor":[20,20,36,50,65,65,77,94,94,124,141,141,176,195,195,195],"floor_reached":16,"playtime":500,"items_purged":[],"score":207,"play_id":"6ff0bbdb-8b2b-4a0b-ae3c-9ad6f1367d59","local_time":"20240110231811","is_ascension_mode":true,"campfire_choices":[{"data":"Dualcast","floor":6,"key":"SMITH"},{"floor":12,"key":"REST"},{"data":"White Noise","floor":15,"key":"SMITH"}],"neow_cost":"NO_GOLD","seed_source_timestamp":19737102431000,"circlet_count":0,"master_deck":["AscendersBane","Strike_B","Strike_B","Strike_B","Strike_B","Defend_B","Defend_B","Defend_B","Defend_B","Zap","Dualcast+1","Secret Weapon+1","Leap","Gash","FTL","Buffer","White Noise+1","Sweeping Beam","Biased Cognition"],"relics":["Cracked Core","Pantograph","Boot"],"potions_floor_usage":[5,8,11],"damage_taken":[{"damage":7,"enemies":"Small Slimes","floor":1,"turns":3},{"damage":0,"enemies":"Cultist","floor":3,"turns":3},{"damage":1,"enemies":"2 Louse","floor":4,"turns":3},{"damage":12,"enemies":"Exordium Thugs","floor":5,"turns":5},{"damage":7,"enemies":"Exordium Wildlife","floor":7,"turns":4},{"damage":14,"enemies":"Red Slaver","floor":8,"turns":2},{"damage":0,"enemies":"Large Slime","floor":11,"turns":2},{"damage":33,"enemies":"Gremlin Nob","floor":13,"turns":4},{"damage":6,"enemies":"Looter","floor":14,"turns":3},{"damage":35,"enemies":"Hexaghost","floor":16,"turns":9}],"seed_played":"-4726582710360585557","potions_obtained":[{"floor":3,"key":"DuplicationPotion"},{"floor":4,"key":"BlessingOfTheForge"},{"floor":7,"key":"Explosive Potion"},{"floor":8,"key":"PowerPotion"}],"is_trial":false,"path_per_floor":["M","?","M","M","M","R","M","M","T","?","M","R","E","M","R","B"],"character_chosen":"DEFECT","items_purchased":[],"campfire_rested":1,"item_purchase_floors":[],"current_hp_per_floor":[57,57,57,56,44,44,37,23,23,23,23,44,11,5,5,0],"gold":195,"neow_bonus":"RANDOM_COLORLESS_2","is_prod":false,"is_daily":false,"chose_seed":false,"campfire_upgraded":2,"win_rate":0,"timestamp":1704921491,"path_taken":["M","?","?","M","M","R","M","M","T","?","M","R","E","M","R","BOSS"],"build_version":"2022-12-18","purchased_purges":0,"victory":false,"max_hp_per_floor":[71,71,71,71,71,71,71,71,71,71,71,71,71,71,71,71],"card_choices":[{"not_picked":["Thinking Ahead","Magnetism"],"picked":"Secret Weapon","floor":0},{"not_picked":["Darkness","Coolheaded"],"picked":"Leap","floor":1},{"not_picked":["Turbo","Stack"],"picked":"Gash","floor":3},{"not_picked":["Genetic Algorithm","Stack"],"picked":"FTL","floor":4},{"not_picked":["Turbo","Coolheaded","Stack"],"picked":"SKIP","floor":5},{"not_picked":["Compile Driver","Sweeping Beam"],"picked":"Buffer","floor":7},{"not_picked":["Redo","Rebound"],"picked":"White Noise","floor":8},{"not_picked":["Cold Snap","Coolheaded"],"picked":"Sweeping Beam","floor":11},{"not_picked":["Streamline","Self Repair"],"picked":"Biased Cognition","floor":13},{"not_picked":["Redo","Cold Snap","Coolheaded"],"picked":"SKIP","floor":14}],"player_experience":658972,"relics_obtained":[{"floor":9,"key":"Pantograph"},{"floor":13,"key":"Boot"}],"event_choices":[{"damage_healed":0,"gold_gain":0,"player_choice":"Upgraded","damage_taken":0,"max_hp_gain":0,"max_hp_loss":0,"event_name":"Upgrade Shrine","floor":2,"gold_loss":0,"cards_upgraded":["Secret Weapon"]},{"damage_healed":0,"gold_gain":30,"player_choice":"Searched \u00271\u0027 times","damage_taken":0,"max_hp_gain":0,"max_hp_loss":0,"event_name":"Dead Adventurer","floor":10,"gold_loss":0}],"is_beta":false,"boss_relics":[],"items_purged_floors":[],"is_endless":false,"potions_floor_spawned":[3,4,7,8],"killed_by":"Hexaghost","ascension_level":19}