{"gold_per_floor":[114,114,124,139,139,168,24,24,74,90,90,90,147,164,164,237,237,253,253,46,57,77,77,77],"floor_reached":24,"playtime":1020,"items_purged":[],"score":366,"play_id":"5b2936a7-061d-4b49-b9f8-3d315b0731fd","local_time":"20231231161626","is_ascension_mode":true,"campfire_choices":[{"floor":8.0,"key":"REST"},{"floor":12,"key":"REST"},{"data":"Rainbow","floor":15,"key":"SMITH"},{"floor":23,"key":"REST"}],"neow_cost":"NONE","seed_source_timestamp":6327654441000,"circlet_count":0,"master_deck":["AscendersBane","Strike_B","Strike_B","Strike_B","Defend_B","Defend_B","Defend_B","Zap","Dualcast","Rainbow+1","Gash","Seek","Hologram","Fusion+1","Steam+1","Capacitor","Rebound","Stack+1","Defragment","All For One","Conserve Battery+1","FTL","White Noise+1","Loop","Conserve Battery+1","Stack+1"],"special_seed":0,"relics":["Cracked Core","Vajra","Toxic Egg 2","MealTicket","Strawberry","Inserter","Bag of Preparation"],"potions_floor_usage":[11,13,16,22],"damage_taken":[{"damage":14.0,"enemies":"2 Louse","floor":1.0,"turns":4.0},{"damage":5.0,"enemies":"Small Slimes","floor":3.0,"turns":4.0},{"damage":1.0,"enemies":"Cultist","floor":4.0,"turns":3.0},{"damage":36.0,"enemies":"3 Sentries","floor":6.0,"turns":11.0},{"damage":7,"enemies":"2 Fungi Beasts","floor":10,"turns":3},{"damage":0,"enemies":"Large Slime","floor":11,"turns":2},{"damage":13,"enemies":"Gremlin Nob","floor":13,"turns":3},{"damage":10,"enemies":"Looter","floor":14,"turns":3},{"damage":18,"enemies":"Hexaghost","floor":16,"turns":11},{"damage":27,"enemies":"Chosen","floor":18,"turns":6},{"damage":16,"enemies":"3 Byrds","floor":21,"turns":5},{"damage":28,"enemies":"Shelled Parasite and Fungi","floor":22,"turns":8},{"damage":30,"enemies":"3 Cultists","floor":24,"turns":4}],"seed_played":"6786209717952724530","potions_obtained":[{"floor":6.0,"key":"FearPotion"},{"floor":10,"key":"SmokeBomb"},{"floor":13,"key":"Weak Potion"},{"floor":18,"key":"GamblersBrew"}],"is_trial":false,"path_per_floor":["M","?","M","M","?","E","$","R","T","M","M","R","?","M","R","B",null,"M","?","$","M","M","R","M"],"character_chosen":"DEFECT","items_purchased":["Steam+1","Capacitor","Loop","Bag of Preparation"],"campfire_rested":3,"item_purchase_floors":[7,7,20,20],"current_hp_per_floor":[50,45,40,39,39,3,3,24,24,17,17,38,32,22,22,4,60,33,33,48,32,4,27,0],"gold":77,"neow_bonus":"ONE_RANDOM_RARE_CARD","is_prod":false,"is_daily":false,"chose_seed":false,"campfire_upgraded":1,"win_rate":0,"timestamp":1704032186,"path_taken":["M","?","M","M","?","E","$","R","T","M","?","R","?","M","R","BOSS","M","?","$","M","M","R","M"],"build_version":"2022-12-18","purchased_purges":0,"victory":false,"max_hp_per_floor":[71,71,71,71,71,71,71,71,71,71,71,71,78,78,78,78,78,78,78,78,78,78,78,78],"card_choices":[{"not_picked":["Conserve Battery","Beam Cell"],"picked":"Gash","floor":1.0},{"not_picked":["Genetic Algorithm","Beam Cell"],"picked":"Seek","floor":3.0},{"not_picked":["Coolheaded","Redo"],"picked":"Hologram","floor":4.0},{"not_picked":["Static Discharge","Self Repair"],"picked":"Fusion+1","floor":6.0},{"not_picked":["Doom and Gloom","Capacitor"],"picked":"Rebound","floor":10},{"not_picked":["Darkness+1","Compile Driver"],"picked":"Stack+1","floor":13},{"not_picked":["Sweeping Beam","Leap+1"],"picked":"Defragment","floor":14},{"not_picked":["Reboot+1","Multi-Cast+1"],"picked":"All For One","floor":16},{"not_picked":["Cold Snap","Darkness+1"],"picked":"Conserve Battery+1","floor":18},{"not_picked":["Turbo+1","Recycle+1"],"picked":"Conserve Battery+1","floor":21},{"not_picked":["Ball Lightning","Compile Driver"],"picked":"Stack+1","floor":22}],"player_experience":620684,"relics_obtained":[{"floor":6.0,"key":"Toxic Egg 2"},{"floor":9.0,"key":"MealTicket"},{"floor":13,"key":"Strawberry"}],"event_choices":[{"damage_healed":0.0,"max_hp_gain":0.0,"max_hp_loss":0.0,"gold_gain":0.0,"event_name":"Scrap Ooze","player_choice":"Success","floor":2.0,"gold_loss":0.0,"damage_taken":5.0,"relics_obtained":["Vajra"]},{"damage_healed":0.0,"max_hp_gain":0.0,"max_hp_loss":0.0,"gold_gain":0.0,"event_name":"Match and Keep!","player_choice":"0 cards matched","floor":5.0,"gold_loss":0.0,"damage_taken":0.0,"cards_obtained":[]},{"damage_healed":0,"gold_gain":0,"player_choice":"Searched \u00271\u0027 times","damage_taken":0,"max_hp_gain":0,"max_hp_loss":0,"event_name":"Dead Adventurer","floor":13,"gold_loss":0},{"damage_healed":0,"gold_gain":0,"cards_transformed":["Strike_B","Defend_B"],"player_choice":"Became Test Subject","damage_taken":0,"max_hp_gain":0,"max_hp_loss":0,"event_name":"Drug Dealer","floor":19,"gold_loss":0,"cards_obtained":["FTL","White Noise"]}],"is_beta":false,"boss_relics":[{"not_picked":["Snecko Eye","Busted Crown"],"picked":"Inserter"}],"items_purged_floors":[],"is_endless":false,"potions_floor_spawned":[6,10,11,13,18],"killed_by":"3 Cultists","ascension_level":17}