{"gold_per_floor":[112,112,122,68,68,106,131,131,131,174,197,235,256,272,272,365,365,378,392,392],"floor_reached":20,"playtime":803,"items_purged":[],"score":363,"play_id":"38161444-558b-409d-b526-cac94767a908","local_time":"20240107133850","is_ascension_mode":true,"campfire_choices":[{"floor":8,"key":"REST"},{"floor":15,"key":"REST"}],"neow_cost":"NONE","seed_source_timestamp":13174586198400,"circlet_count":0,"master_deck":["AscendersBane","Strike_B","Strike_B","Strike_B","Strike_B","Defend_B","Defend_B","Defend_B","Defend_B","Zap","Dualcast","CurseOfTheBell","Beam Cell","Redo+1","Leap+1","Injury","Redo+1","Chaos+1","Stack+1","Self Repair","Hologram+1","Multi-Cast+1","Reinforced Body+1","Chaos+1"],"relics":["Calling Bell","Strawberry","Symbiotic Virus","Du-Vu Doll","Toxic Egg 2","Golden Idol","Ginger","Blue Candle","Ancient Tea Set","Nunchaku","SlaversCollar"],"potions_floor_usage":[6,12,12],"damage_taken":[{"damage":7,"enemies":"Small Slimes","floor":1,"turns":3},{"damage":0,"enemies":"2 Louse","floor":3,"turns":2},{"damage":20,"enemies":"3 Sentries","floor":6,"turns":6},{"damage":2,"enemies":"Jaw Worm","floor":7,"turns":2},{"damage":21,"enemies":"Gremlin Nob","floor":10,"turns":4},{"damage":5,"enemies":"Red Slaver","floor":11,"turns":3},{"damage":17,"enemies":"Lagavulin","floor":12,"turns":4},{"damage":8,"enemies":"Blue Slaver","floor":13,"turns":2},{"damage":6,"enemies":"Looter","floor":14,"turns":4},{"damage":3,"enemies":"The Guardian","floor":16,"turns":9},{"damage":17,"enemies":"Spheric Guardian","floor":18,"turns":4},{"damage":23,"enemies":"Chosen","floor":19,"turns":5},{"damage":48,"enemies":"Shelled Parasite and Fungi","floor":20,"turns":11}],"seed_played":"5139674502524465335","potions_obtained":[{"floor":3,"key":"AttackPotion"},{"floor":6,"key":"PowerPotion"},{"floor":7,"key":"Regen Potion"}],"is_trial":false,"path_per_floor":["M","?","M","$","?","E","M","R","T","E","M","E","M","M","R","B",null,"M","M","M"],"character_chosen":"DEFECT","items_purchased":["Leap+1"],"campfire_rested":2,"item_purchase_floors":[4],"current_hp_per_floor":[64,59,59,59,59,39,37,60,60,39,34,29,28,29,52,56,73,63,47,0],"gold":392,"neow_bonus":"BOSS_RELIC","is_prod":false,"is_daily":false,"chose_seed":false,"campfire_upgraded":0,"win_rate":0,"timestamp":1704627530,"path_taken":["M","?","M","$","?","E","M","R","T","E","M","E","M","M","R","BOSS","M","M","M"],"build_version":"2022-12-18","purchased_purges":0,"victory":false,"max_hp_per_floor":[78,78,78,78,78,78,78,78,78,78,78,78,78,78,78,78,78,78,78,78],"card_choices":[{"not_picked":["Coolheaded","Compile Driver"],"picked":"Beam Cell","floor":1},{"not_picked":["Compile Driver","Fusion+1"],"picked":"Redo+1","floor":3},{"not_picked":["Ball Lightning","Leap+1"],"picked":"Redo+1","floor":6},{"not_picked":["Reinforced Body+1","Barrage"],"picked":"Chaos+1","floor":7},{"not_picked":["Machine Learning","Steam+1"],"picked":"Stack+1","floor":10},{"not_picked":["Fusion+1","Beam Cell","Rebound"],"picked":"SKIP","floor":11},{"not_picked":["Auto Shields+1","FTL"],"picked":"Self Repair","floor":12},{"not_picked":["Cold Snap","Stack+1"],"picked":"Hologram+1","floor":13},{"not_picked":["Barrage","Cold Snap","Turbo+1"],"picked":"SKIP","floor":14},{"not_picked":["Thunder Strike","Meteor Strike"],"picked":"Multi-Cast+1","floor":16},{"not_picked":["Sweeping Beam","Barrage"],"picked":"Reinforced Body+1","floor":18},{"not_picked":["Conserve Battery+1","Sweeping Beam"],"picked":"Chaos+1","floor":19}],"player_experience":643065,"relics_obtained":[{"floor":0,"key":"Strawberry"},{"floor":0,"key":"Symbiotic Virus"},{"floor":0,"key":"Du-Vu Doll"},{"floor":6,"key":"Ginger"},{"floor":9,"key":"Blue Candle"},{"floor":10,"key":"Ancient Tea Set"},{"floor":12,"key":"Nunchaku"}],"event_choices":[{"damage_healed":0,"gold_gain":0,"player_choice":"Success","damage_taken":5,"relics_obtained":["Toxic Egg 2"],"max_hp_gain":0,"max_hp_loss":0,"event_name":"Scrap Ooze","floor":2,"gold_loss":0},{"damage_healed":0,"gold_gain":0,"player_choice":"Take Wound","damage_taken":0,"relics_obtained":["Golden Idol"],"max_hp_gain":0,"max_hp_loss":0,"event_name":"Golden Idol","floor":5,"gold_loss":0,"cards_obtained":["Injury"]}],"is_beta":false,"boss_relics":[{"not_picked":["Philosopher\u0027s Stone","Black Star"],"picked":"SlaversCollar"}],"items_purged_floors":[],"is_endless":false,"potions_floor_spawned":[3,6,7,11],"killed_by":"Shelled Parasite and Fungi","ascension_level":17}