{"gold_per_floor":[118,129,146,146,71,101,101,1,1,1,16,16,33,45,45,45],"floor_reached":16,"playtime":327,"items_purged":["Strike_B"],"score":199,"play_id":"7af60024-a968-41de-b15b-610132f969bf","local_time":"20240112010313","is_ascension_mode":true,"campfire_choices":[{"floor":7,"key":"REST"},{"floor":10,"key":"REST"},{"data":"Scrape","floor":15,"key":"SMITH"}],"neow_cost":"NONE","seed_source_timestamp":27428201049200,"circlet_count":0,"master_deck":["AscendersBane","Strike_B+1","Strike_B","Strike_B","Defend_B","Defend_B","Defend_B","Defend_B","Zap","Dualcast","Gash","Reprogram","Gash","Scrape","Beam Cell+1","Scrape+1"],"relics":["Cracked Core","NeowsBlessing","StrikeDummy","Matryoshka","MealTicket","Whetstone"],"potions_floor_usage":[6,16,16],"damage_taken":[{"damage":0,"enemies":"Cultist","floor":1,"turns":1},{"damage":0,"enemies":"2 Louse","floor":2,"turns":1},{"damage":0,"enemies":"Small Slimes","floor":3,"turns":1},{"damage":54,"enemies":"Lagavulin","floor":6,"turns":7},{"damage":8,"enemies":"3 Louse","floor":11,"turns":3},{"damage":3,"enemies":"Blue Slaver","floor":13,"turns":2},{"damage":11,"enemies":"Looter","floor":14,"turns":2},{"damage":37,"enemies":"Hexaghost","floor":16,"turns":7}],"seed_played":"8234184309900861645","potions_obtained":[{"floor":2,"key":"SneckoOil"},{"floor":11,"key":"Explosive Potion"},{"floor":14,"key":"Energy Potion"}],"is_trial":false,"path_per_floor":["M","M","M","T","$","E","R","$","T","R","M","?","M","M","R","B"],"character_chosen":"DEFECT","items_purchased":["Scrape","Beam Cell"],"campfire_rested":2,"item_purchase_floors":[8,8],"current_hp_per_floor":[64,64,64,64,64,10,31,31,31,52,44,44,41,30,30,0],"gold":45,"neow_bonus":"THREE_ENEMY_KILL","is_prod":false,"is_daily":false,"chose_seed":false,"campfire_upgraded":1,"win_rate":0,"timestamp":1705014193,"path_taken":["M","M","?","?","$","E","R","$","T","R","M","?","M","M","R","BOSS"],"build_version":"2022-12-18","purchased_purges":1,"victory":false,"max_hp_per_floor":[71,71,71,71,71,71,71,71,71,71,71,71,71,71,71,71],"card_choices":[{"not_picked":["Steam","Turbo"],"picked":"Gash","floor":1},{"not_picked":["Leap","Steam"],"picked":"Reprogram","floor":2},{"not_picked":["Cold Snap","Ball Lightning","Coolheaded"],"picked":"SKIP","floor":3},{"not_picked":["Redo","White Noise"],"picked":"Gash","floor":6},{"not_picked":["Leap","Capacitor","Cold Snap"],"picked":"SKIP","floor":11},{"not_picked":["Fusion","Skim"],"picked":"Scrape","floor":13},{"not_picked":["Steam Power","Ball Lightning","Static Discharge"],"picked":"SKIP","floor":14}],"player_experience":662069,"relics_obtained":[{"floor":4,"key":"StrikeDummy"},{"floor":6,"key":"Matryoshka"},{"floor":9,"key":"MealTicket"},{"floor":9,"key":"Whetstone"}],"event_choices":[{"damage_healed":0,"gold_gain":0,"player_choice":"Ignored","damage_taken":0,"max_hp_gain":0,"max_hp_loss":0,"event_name":"Liars Game","floor":12,"gold_loss":0}],"is_beta":false,"boss_relics":[],"items_purged_floors":[5],"is_endless":false,"potions_floor_spawned":[2,11,14],"killed_by":"Hexaghost","ascension_level":19}