{"gold_per_floor":[112,124,138,152,152,152,182,182],"floor_reached":8,"playtime":289,"items_purged":[],"score":113,"play_id":"22bd4aaa-bbe2-4991-8351-c24fd3aae717","local_time":"20240112010811","is_ascension_mode":true,"campfire_choices":[{"floor":6,"key":"REST"}],"neow_cost":"NONE","seed_source_timestamp":27763436470400,"circlet_count":0,"master_deck":["AscendersBane","Strike_B","Strike_B","Strike_B","Strike_B","Defend_B","Defend_B","Defend_B","Defend_B","Zap","Dualcast","Hologram","Hologram","Genetic Algorithm","Leap"],"relics":["Philosopher\u0027s Stone","Pen Nib"],"potions_floor_usage":[7,7,8],"damage_taken":[{"damage":4,"enemies":"Cultist","floor":1,"turns":4},{"damage":0,"enemies":"2 Louse","floor":2,"turns":2},{"damage":5,"enemies":"Small Slimes","floor":3,"turns":4},{"damage":27,"enemies":"3 Louse","floor":4,"turns":5},{"damage":26,"enemies":"3 Sentries","floor":7,"turns":8},{"damage":65,"enemies":"Lagavulin Event","floor":8,"turns":6}],"seed_played":"-2809367530488510053","potions_obtained":[{"floor":3,"key":"SteroidPotion"},{"floor":4,"key":"SteroidPotion"},{"floor":7,"key":"DistilledChaos"}],"is_trial":false,"path_per_floor":["M","M","M","M","?","R","E","?"],"character_chosen":"DEFECT","items_purchased":[],"campfire_rested":1,"item_purchase_floors":[],"current_hp_per_floor":[60,60,55,28,51,71,45,0],"gold":182,"neow_bonus":"BOSS_RELIC","is_prod":false,"is_daily":false,"chose_seed":false,"campfire_upgraded":0,"win_rate":0,"timestamp":1705014491,"path_taken":["M","M","M","M","?","R","E","?"],"build_version":"2022-12-18","purchased_purges":0,"victory":false,"max_hp_per_floor":[71,71,71,71,71,71,71,71],"card_choices":[{"not_picked":["Redo","Doom and Gloom"],"picked":"Hologram","floor":1},{"not_picked":["Force Field","Go for the Eyes"],"picked":"Hologram","floor":2},{"not_picked":["Compile Driver","Stack"],"picked":"Genetic Algorithm","floor":3},{"not_picked":["Sweeping Beam","Fusion","Recycle"],"picked":"SKIP","floor":4},{"not_picked":["Fusion","Recycle"],"picked":"Leap","floor":7}],"player_experience":662396,"relics_obtained":[{"floor":7,"key":"Pen Nib"}],"event_choices":[{"damage_healed":23,"gold_gain":0,"player_choice":"Banana","damage_taken":0,"max_hp_gain":0,"max_hp_loss":0,"event_name":"Big Fish","floor":5,"gold_loss":0},{"damage_healed":0,"gold_gain":0,"player_choice":"Searched \u00271\u0027 times","damage_taken":0,"max_hp_gain":0,"max_hp_loss":0,"event_name":"Dead Adventurer","floor":8,"gold_loss":0}],"is_beta":false,"boss_relics":[],"items_purged_floors":[],"is_endless":false,"potions_floor_spawned":[3,4,7],"killed_by":"Lagavulin Event","ascension_level":19}