{"gold_per_floor":[118,118,129,26,46,72,83,83,110,144,109,119,138,63,63,137,137,152,152,162,162,175,175,65,65,65,65],"floor_reached":27,"playtime":902,"items_purged":["Defend_B"],"score":435,"play_id":"74db825e-30d2-4d4d-b9cf-2eefe68cfbce","local_time":"20240114173014","is_ascension_mode":true,"campfire_choices":[{"floor":8.0,"key":"REST"},{"data":"Rip and Tear","floor":15.0,"key":"SMITH"},{"floor":23,"key":"REST"},{"floor":25,"key":"REST"}],"neow_cost":"NONE","seed_source_timestamp":0,"circlet_count":0,"master_deck":["AscendersBane","Strike_B+1","Strike_B+1","Strike_B+1","Strike_B+1","Defend_B+1","Defend_B+1","Defend_B+1","Zap","Dualcast","Leap","Beam Cell+1","Panacea","Rip and Tear+1","Gash+1","Defragment","Scrape+1","Biased Cognition","CurseOfTheBell","Beam Cell+1","Cold Snap+1"],"special_seed":0,"relics":["Cracked Core","NeowsBlessing","Letter Opener","Kunai","Orichalcum","Question Card","Calling Bell","Lantern","Molten Egg 2","FossilizedHelix","Whetstone"],"potions_floor_usage":[20,27,27],"damage_taken":[{"damage":0.0,"enemies":"Cultist","floor":1.0,"turns":1.0},{"damage":0.0,"enemies":"Jaw Worm","floor":3.0,"turns":1.0},{"damage":0.0,"enemies":"2 Louse","floor":5.0,"turns":1.0},{"damage":37.0,"enemies":"3 Sentries","floor":6.0,"turns":9.0},{"damage":0.0,"enemies":"2 Fungi Beasts","floor":7.0,"turns":2.0},{"damage":18.0,"enemies":"Gremlin Nob","floor":10.0,"turns":4.0},{"damage":19.0,"enemies":"Large Slime","floor":12.0,"turns":4.0},{"damage":0.0,"enemies":"Gremlin Gang","floor":13.0,"turns":1.0},{"damage":20.0,"enemies":"Slime Boss","floor":16.0,"turns":7.0},{"damage":31,"enemies":"3 Byrds","floor":18,"turns":5},{"damage":0,"enemies":"2 Thieves","floor":20,"turns":2},{"damage":18,"enemies":"Snake Plant","floor":22,"turns":4},{"damage":52,"enemies":"Gremlin Leader","floor":27,"turns":8}],"seed_played":"-2507441326846745660","potions_obtained":[{"floor":5.0,"key":"DuplicationPotion"},{"floor":6.0,"key":"Explosive Potion"},{"floor":12.0,"key":"Block Potion"},{"floor":13.0,"key":"LiquidMemories"},{"floor":18,"key":"DistilledChaos"},{"floor":20,"key":"Ancient Potion"},{"floor":22,"key":"Block Potion"}],"is_trial":false,"path_per_floor":["M","T","M","$","M","E","M","R","T","E","?","M","M","$","R","B",null,"M","?","M","?","M","R","?","R","T","E"],"character_chosen":"DEFECT","items_purchased":["Panacea"],"campfire_rested":3,"item_purchase_floors":[4],"current_hp_per_floor":[64,64,64,64,64,27,27,48,48,30,47,28,28,28,28,8,55,24,24,24,24,6,27,27,48,48,0],"gold":65,"neow_bonus":"THREE_ENEMY_KILL","is_prod":false,"is_daily":false,"chose_seed":false,"campfire_upgraded":1,"win_rate":0,"timestamp":1705246214,"path_taken":["M","?","M","$","M","E","M","R","T","E","?","?","M","$","R","BOSS","M","?","M","?","M","R","?","R","T","E"],"build_version":"2022-12-18","purchased_purges":1,"victory":false,"max_hp_per_floor":[71,71,71,71,71,71,71,71,71,71,71,71,71,71,71,71,71,71,71,71,71,71,71,71,71,71,71],"card_choices":[{"not_picked":["Turbo","Stack"],"picked":"Leap","floor":1.0},{"not_picked":["Undo","Genetic Algorithm"],"picked":"Beam Cell","floor":3.0},{"not_picked":["Chill","Coolheaded"],"picked":"Rip and Tear","floor":5.0},{"not_picked":["Steam","Ball Lightning"],"picked":"Gash","floor":6.0},{"not_picked":["Stack","Reinforced Body","Turbo"],"picked":"SKIP","floor":7.0},{"not_picked":["Conserve Battery","Coolheaded"],"picked":"Hyperbeam","floor":10.0},{"not_picked":["Beam Cell","Consume","Leap"],"picked":"Defragment","floor":12.0},{"not_picked":["Turbo","Leap","Redo"],"picked":"Scrape","floor":13.0},{"not_picked":["Seek","Rainbow","Reboot"],"picked":"Biased Cognition","floor":16.0},{"not_picked":["Leap","Streamline+1","Darkness","Stack"],"picked":"SKIP","floor":18},{"not_picked":["Machine Learning","Double Energy","Steam"],"picked":"Beam Cell+1","floor":20},{"not_picked":["Heatsinks","Leap+1","Force Field"],"picked":"Cold Snap+1","floor":22}],"player_experience":668367,"relics_obtained":[{"floor":2.0,"key":"Letter Opener"},{"floor":6.0,"key":"Kunai"},{"floor":9.0,"key":"Orichalcum"},{"floor":10.0,"key":"Question Card"},{"floor":17,"key":"Lantern"},{"floor":17,"key":"Molten Egg 2"},{"floor":17,"key":"FossilizedHelix"},{"floor":26,"key":"Whetstone"}],"event_choices":[{"damage_healed":17.0,"max_hp_gain":0.0,"max_hp_loss":0.0,"gold_gain":0.0,"event_name":"The Cleric","player_choice":"Healed","floor":11.0,"gold_loss":35.0,"damage_taken":0.0},{"damage_healed":0,"gold_gain":0,"player_choice":"Ignored","damage_taken":0,"max_hp_gain":0,"max_hp_loss":0,"event_name":"Ghosts","floor":19,"gold_loss":0},{"damage_healed":0,"gold_gain":0,"player_choice":"Simplicity","damage_taken":0,"max_hp_gain":0,"max_hp_loss":0,"event_name":"Back to Basics","floor":21,"gold_loss":0,"cards_upgraded":["Strike_B","Strike_B","Strike_B","Strike_B","Defend_B","Defend_B","Defend_B"]},{"cards_removed":["Hyperbeam"],"damage_healed":0,"gold_gain":0,"player_choice":"Upgrade and Remove","damage_taken":0,"max_hp_gain":0,"max_hp_loss":0,"event_name":"Designer","floor":24,"gold_loss":110,"cards_upgraded":["Scrape"]}],"is_beta":false,"boss_relics":[{"not_picked":["Tiny House","Busted Crown"],"picked":"Calling Bell"}],"items_purged_floors":[14],"is_endless":false,"potions_floor_spawned":[5,6,12,13,18,20,22],"killed_by":"Gremlin Leader","ascension_level":19}